%YAML 1.1
%TAG !u! tag:unity3d.com,2011:
--- !u!1 &8912061652585418394
GameObject:
  m_ObjectHideFlags: 0
  m_CorrespondingSourceObject: {fileID: 0}
  m_PrefabInstance: {fileID: 0}
  m_PrefabAsset: {fileID: 0}
  serializedVersion: 6
  m_Component:
  - component: {fileID: 8912061652585418395}
  m_Layer: 0
  m_Name: Interior_Dressing_SM_Bld_Market_Large_01
  m_TagString: Untagged
  m_Icon: {fileID: 0}
  m_NavMeshLayer: 0
  m_StaticEditorFlags: 0
  m_IsActive: 1
--- !u!4 &8912061652585418395
Transform:
  m_ObjectHideFlags: 0
  m_CorrespondingSourceObject: {fileID: 0}
  m_PrefabInstance: {fileID: 0}
  m_PrefabAsset: {fileID: 0}
  m_GameObject: {fileID: 8912061652585418394}
  m_LocalRotation: {x: 0, y: 0, z: 0, w: 1}
  m_LocalPosition: {x: 0, y: 0, z: 100}
  m_LocalScale: {x: 1, y: 1, z: 1}
  m_Children:
  - {fileID: 8908423731643635855}
  - {fileID: 8908304468002827400}
  - {fileID: 8908664470351184228}
  - {fileID: 8908404224664873726}
  - {fileID: 8916762665488638102}
  - {fileID: 8908283850374360597}
  - {fileID: 8916963745595285136}
  - {fileID: 8916954718739873387}
  - {fileID: 8908598920141546677}
  - {fileID: 8916858538400328188}
  - {fileID: 8908246436985657169}
  - {fileID: 8908570495157852997}
  - {fileID: 8908400065827575008}
  - {fileID: 8908180439118369877}
  - {fileID: 8916744507695963450}
  - {fileID: 8908529258536773906}
  - {fileID: 8908619091834016689}
  - {fileID: 8908619091499132151}
  - {fileID: 8908619092941610409}
  - {fileID: 8908619092881907380}
  - {fileID: 8908619092463120591}
  - {fileID: 8908400064956565166}
  - {fileID: 8908654004459946848}
  - {fileID: 8908570494326909108}
  - {fileID: 8908246436145303955}
  - {fileID: 8916858538764318310}
  - {fileID: 8916954719027951502}
  - {fileID: 8916954719225462265}
  - {fileID: 8916963744321608421}
  - {fileID: 8916963744532326607}
  - {fileID: 8916963746075440677}
  - {fileID: 8908304468663015219}
  m_Father: {fileID: 0}
  m_RootOrder: 0
  m_LocalEulerAnglesHint: {x: 0, y: 0, z: 0}
--- !u!1001 &8912061651140734840
PrefabInstance:
  m_ObjectHideFlags: 0
  serializedVersion: 2
  m_Modification:
    m_TransformParent: {fileID: 8912061652585418395}
    m_Modifications:
    - target: {fileID: 1959266234289820, guid: 3b31892fd975b6b43aca7e848ae069c7, type: 3}
      propertyPath: m_Name
      value: SM_Prop_ShopShelf_Long_01 (6)
      objectReference: {fileID: 0}
    - target: {fileID: 4438762581062092, guid: 3b31892fd975b6b43aca7e848ae069c7, type: 3}
      propertyPath: m_LocalPosition.x
      value: 6.9
      objectReference: {fileID: 0}
    - target: {fileID: 4438762581062092, guid: 3b31892fd975b6b43aca7e848ae069c7, type: 3}
      propertyPath: m_LocalPosition.y
      value: 0.19
      objectReference: {fileID: 0}
    - target: {fileID: 4438762581062092, guid: 3b31892fd975b6b43aca7e848ae069c7, type: 3}
      propertyPath: m_LocalPosition.z
      value: 1.7600021
      objectReference: {fileID: 0}
    - target: {fileID: 4438762581062092, guid: 3b31892fd975b6b43aca7e848ae069c7, type: 3}
      propertyPath: m_LocalRotation.x
      value: -0
      objectReference: {fileID: 0}
    - target: {fileID: 4438762581062092, guid: 3b31892fd975b6b43aca7e848ae069c7, type: 3}
      propertyPath: m_LocalRotation.y
      value: 0.739448
      objectReference: {fileID: 0}
    - target: {fileID: 4438762581062092, guid: 3b31892fd975b6b43aca7e848ae069c7, type: 3}
      propertyPath: m_LocalRotation.z
      value: -0
      objectReference: {fileID: 0}
    - target: {fileID: 4438762581062092, guid: 3b31892fd975b6b43aca7e848ae069c7, type: 3}
      propertyPath: m_LocalRotation.w
      value: -0.6732137
      objectReference: {fileID: 0}
    - target: {fileID: 4438762581062092, guid: 3b31892fd975b6b43aca7e848ae069c7, type: 3}
      propertyPath: m_RootOrder
      value: 19
      objectReference: {fileID: 0}
    - target: {fileID: 4438762581062092, guid: 3b31892fd975b6b43aca7e848ae069c7, type: 3}
      propertyPath: m_LocalEulerAnglesHint.y
      value: 264.63098
      objectReference: {fileID: 0}
    - target: {fileID: 4438762581062092, guid: 3b31892fd975b6b43aca7e848ae069c7, type: 3}
      propertyPath: m_LocalScale.x
      value: 1
      objectReference: {fileID: 0}
    - target: {fileID: 4438762581062092, guid: 3b31892fd975b6b43aca7e848ae069c7, type: 3}
      propertyPath: m_LocalScale.z
      value: 1
      objectReference: {fileID: 0}
    m_RemovedComponents: []
  m_SourcePrefab: {fileID: 100100000, guid: 3b31892fd975b6b43aca7e848ae069c7, type: 3}
--- !u!4 &8908619092881907380 stripped
Transform:
  m_CorrespondingSourceObject: {fileID: 4438762581062092, guid: 3b31892fd975b6b43aca7e848ae069c7,
    type: 3}
  m_PrefabInstance: {fileID: 8912061651140734840}
  m_PrefabAsset: {fileID: 0}
--- !u!1001 &8912061651213020261
PrefabInstance:
  m_ObjectHideFlags: 0
  serializedVersion: 2
  m_Modification:
    m_TransformParent: {fileID: 8912061652585418395}
    m_Modifications:
    - target: {fileID: 1959266234289820, guid: 3b31892fd975b6b43aca7e848ae069c7, type: 3}
      propertyPath: m_Name
      value: SM_Prop_ShopShelf_Long_01 (5)
      objectReference: {fileID: 0}
    - target: {fileID: 4438762581062092, guid: 3b31892fd975b6b43aca7e848ae069c7, type: 3}
      propertyPath: m_LocalPosition.x
      value: 1.31
      objectReference: {fileID: 0}
    - target: {fileID: 4438762581062092, guid: 3b31892fd975b6b43aca7e848ae069c7, type: 3}
      propertyPath: m_LocalPosition.y
      value: 0.19
      objectReference: {fileID: 0}
    - target: {fileID: 4438762581062092, guid: 3b31892fd975b6b43aca7e848ae069c7, type: 3}
      propertyPath: m_LocalPosition.z
      value: 1.7600021
      objectReference: {fileID: 0}
    - target: {fileID: 4438762581062092, guid: 3b31892fd975b6b43aca7e848ae069c7, type: 3}
      propertyPath: m_LocalRotation.x
      value: -0
      objectReference: {fileID: 0}
    - target: {fileID: 4438762581062092, guid: 3b31892fd975b6b43aca7e848ae069c7, type: 3}
      propertyPath: m_LocalRotation.y
      value: 0.7071065
      objectReference: {fileID: 0}
    - target: {fileID: 4438762581062092, guid: 3b31892fd975b6b43aca7e848ae069c7, type: 3}
      propertyPath: m_LocalRotation.z
      value: -0
      objectReference: {fileID: 0}
    - target: {fileID: 4438762581062092, guid: 3b31892fd975b6b43aca7e848ae069c7, type: 3}
      propertyPath: m_LocalRotation.w
      value: 0.7071071
      objectReference: {fileID: 0}
    - target: {fileID: 4438762581062092, guid: 3b31892fd975b6b43aca7e848ae069c7, type: 3}
      propertyPath: m_RootOrder
      value: 18
      objectReference: {fileID: 0}
    - target: {fileID: 4438762581062092, guid: 3b31892fd975b6b43aca7e848ae069c7, type: 3}
      propertyPath: m_LocalEulerAnglesHint.y
      value: 90.00001
      objectReference: {fileID: 0}
    m_RemovedComponents: []
  m_SourcePrefab: {fileID: 100100000, guid: 3b31892fd975b6b43aca7e848ae069c7, type: 3}
--- !u!4 &8908619092941610409 stripped
Transform:
  m_CorrespondingSourceObject: {fileID: 4438762581062092, guid: 3b31892fd975b6b43aca7e848ae069c7,
    type: 3}
  m_PrefabInstance: {fileID: 8912061651213020261}
  m_PrefabAsset: {fileID: 0}
--- !u!1001 &8912061651402607731
PrefabInstance:
  m_ObjectHideFlags: 0
  serializedVersion: 2
  m_Modification:
    m_TransformParent: {fileID: 8912061652585418395}
    m_Modifications:
    - target: {fileID: 1596417884367404, guid: 060d25f13524c0e4fb8f2c684eebf642, type: 3}
      propertyPath: m_Name
      value: SM_Prop_ShoppingCart_01 (4)
      objectReference: {fileID: 0}
    - target: {fileID: 4903353639713366, guid: 060d25f13524c0e4fb8f2c684eebf642, type: 3}
      propertyPath: m_LocalPosition.x
      value: 7.33
      objectReference: {fileID: 0}
    - target: {fileID: 4903353639713366, guid: 060d25f13524c0e4fb8f2c684eebf642, type: 3}
      propertyPath: m_LocalPosition.y
      value: 0.54
      objectReference: {fileID: 0}
    - target: {fileID: 4903353639713366, guid: 060d25f13524c0e4fb8f2c684eebf642, type: 3}
      propertyPath: m_LocalPosition.z
      value: -4.0599976
      objectReference: {fileID: 0}
    - target: {fileID: 4903353639713366, guid: 060d25f13524c0e4fb8f2c684eebf642, type: 3}
      propertyPath: m_LocalRotation.x
      value: 0.700469
      objectReference: {fileID: 0}
    - target: {fileID: 4903353639713366, guid: 060d25f13524c0e4fb8f2c684eebf642, type: 3}
      propertyPath: m_LocalRotation.y
      value: 0.6635714
      objectReference: {fileID: 0}
    - target: {fileID: 4903353639713366, guid: 060d25f13524c0e4fb8f2c684eebf642, type: 3}
      propertyPath: m_LocalRotation.z
      value: 0.19071771
      objectReference: {fileID: 0}
    - target: {fileID: 4903353639713366, guid: 060d25f13524c0e4fb8f2c684eebf642, type: 3}
      propertyPath: m_LocalRotation.w
      value: 0.18067372
      objectReference: {fileID: 0}
    - target: {fileID: 4903353639713366, guid: 060d25f13524c0e4fb8f2c684eebf642, type: 3}
      propertyPath: m_RootOrder
      value: 30
      objectReference: {fileID: 0}
    - target: {fileID: 4903353639713366, guid: 060d25f13524c0e4fb8f2c684eebf642, type: 3}
      propertyPath: m_LocalEulerAnglesHint.y
      value: 149.53801
      objectReference: {fileID: 0}
    - target: {fileID: 4903353639713366, guid: 060d25f13524c0e4fb8f2c684eebf642, type: 3}
      propertyPath: m_LocalEulerAnglesHint.z
      value: 93.09901
      objectReference: {fileID: 0}
    - target: {fileID: 4903353639713366, guid: 060d25f13524c0e4fb8f2c684eebf642, type: 3}
      propertyPath: m_LocalScale.x
      value: 1
      objectReference: {fileID: 0}
    - target: {fileID: 4903353639713366, guid: 060d25f13524c0e4fb8f2c684eebf642, type: 3}
      propertyPath: m_LocalScale.y
      value: 1
      objectReference: {fileID: 0}
    - target: {fileID: 4903353639713366, guid: 060d25f13524c0e4fb8f2c684eebf642, type: 3}
      propertyPath: m_LocalScale.z
      value: 1
      objectReference: {fileID: 0}
    m_RemovedComponents: []
  m_SourcePrefab: {fileID: 100100000, guid: 060d25f13524c0e4fb8f2c684eebf642, type: 3}
--- !u!4 &8916963746075440677 stripped
Transform:
  m_CorrespondingSourceObject: {fileID: 4903353639713366, guid: 060d25f13524c0e4fb8f2c684eebf642,
    type: 3}
  m_PrefabInstance: {fileID: 8912061651402607731}
  m_PrefabAsset: {fileID: 0}
--- !u!1001 &8912061651530800720
PrefabInstance:
  m_ObjectHideFlags: 0
  serializedVersion: 2
  m_Modification:
    m_TransformParent: {fileID: 8912061652585418395}
    m_Modifications:
    - target: {fileID: 1090187093199570, guid: 7e955b4c1a70c434ea0f4cd9db9a54fa, type: 3}
      propertyPath: m_Name
      value: SM_Prop_Pipes_Valves_01 (3)
      objectReference: {fileID: 0}
    - target: {fileID: 4485973646958388, guid: 7e955b4c1a70c434ea0f4cd9db9a54fa, type: 3}
      propertyPath: m_LocalPosition.x
      value: 10.825006
      objectReference: {fileID: 0}
    - target: {fileID: 4485973646958388, guid: 7e955b4c1a70c434ea0f4cd9db9a54fa, type: 3}
      propertyPath: m_LocalPosition.y
      value: 0.077
      objectReference: {fileID: 0}
    - target: {fileID: 4485973646958388, guid: 7e955b4c1a70c434ea0f4cd9db9a54fa, type: 3}
      propertyPath: m_LocalPosition.z
      value: -7.022003
      objectReference: {fileID: 0}
    - target: {fileID: 4485973646958388, guid: 7e955b4c1a70c434ea0f4cd9db9a54fa, type: 3}
      propertyPath: m_LocalRotation.x
      value: -0
      objectReference: {fileID: 0}
    - target: {fileID: 4485973646958388, guid: 7e955b4c1a70c434ea0f4cd9db9a54fa, type: 3}
      propertyPath: m_LocalRotation.y
      value: 1
      objectReference: {fileID: 0}
    - target: {fileID: 4485973646958388, guid: 7e955b4c1a70c434ea0f4cd9db9a54fa, type: 3}
      propertyPath: m_LocalRotation.z
      value: -0
      objectReference: {fileID: 0}
    - target: {fileID: 4485973646958388, guid: 7e955b4c1a70c434ea0f4cd9db9a54fa, type: 3}
      propertyPath: m_LocalRotation.w
      value: 0.0000029504295
      objectReference: {fileID: 0}
    - target: {fileID: 4485973646958388, guid: 7e955b4c1a70c434ea0f4cd9db9a54fa, type: 3}
      propertyPath: m_RootOrder
      value: 2
      objectReference: {fileID: 0}
    - target: {fileID: 4485973646958388, guid: 7e955b4c1a70c434ea0f4cd9db9a54fa, type: 3}
      propertyPath: m_LocalEulerAnglesHint.y
      value: 180.00002
      objectReference: {fileID: 0}
    - target: {fileID: 4485973646958388, guid: 7e955b4c1a70c434ea0f4cd9db9a54fa, type: 3}
      propertyPath: m_LocalScale.x
      value: 1.1982843
      objectReference: {fileID: 0}
    - target: {fileID: 4485973646958388, guid: 7e955b4c1a70c434ea0f4cd9db9a54fa, type: 3}
      propertyPath: m_LocalScale.y
      value: 1.1982843
      objectReference: {fileID: 0}
    - target: {fileID: 4485973646958388, guid: 7e955b4c1a70c434ea0f4cd9db9a54fa, type: 3}
      propertyPath: m_LocalScale.z
      value: 1.1982843
      objectReference: {fileID: 0}
    m_RemovedComponents: []
  m_SourcePrefab: {fileID: 100100000, guid: 7e955b4c1a70c434ea0f4cd9db9a54fa, type: 3}
--- !u!4 &8908664470351184228 stripped
Transform:
  m_CorrespondingSourceObject: {fileID: 4485973646958388, guid: 7e955b4c1a70c434ea0f4cd9db9a54fa,
    type: 3}
  m_PrefabInstance: {fileID: 8912061651530800720}
  m_PrefabAsset: {fileID: 0}
--- !u!1001 &8912061651580013714
PrefabInstance:
  m_ObjectHideFlags: 0
  serializedVersion: 2
  m_Modification:
    m_TransformParent: {fileID: 8912061652585418395}
    m_Modifications:
    - target: {fileID: 1291397166752976, guid: 2a5ad95f2f3ee2e4c87f501ef1a64985, type: 3}
      propertyPath: m_Name
      value: SM_Prop_ShopFridge_01 (2)
      objectReference: {fileID: 0}
    - target: {fileID: 4220423280973938, guid: 2a5ad95f2f3ee2e4c87f501ef1a64985, type: 3}
      propertyPath: m_LocalPosition.x
      value: -5.24
      objectReference: {fileID: 0}
    - target: {fileID: 4220423280973938, guid: 2a5ad95f2f3ee2e4c87f501ef1a64985, type: 3}
      propertyPath: m_LocalPosition.y
      value: 0.07
      objectReference: {fileID: 0}
    - target: {fileID: 4220423280973938, guid: 2a5ad95f2f3ee2e4c87f501ef1a64985, type: 3}
      propertyPath: m_LocalPosition.z
      value: -5.683586
      objectReference: {fileID: 0}
    - target: {fileID: 4220423280973938, guid: 2a5ad95f2f3ee2e4c87f501ef1a64985, type: 3}
      propertyPath: m_LocalRotation.x
      value: -0
      objectReference: {fileID: 0}
    - target: {fileID: 4220423280973938, guid: 2a5ad95f2f3ee2e4c87f501ef1a64985, type: 3}
      propertyPath: m_LocalRotation.y
      value: -0
      objectReference: {fileID: 0}
    - target: {fileID: 4220423280973938, guid: 2a5ad95f2f3ee2e4c87f501ef1a64985, type: 3}
      propertyPath: m_LocalRotation.z
      value: -0
      objectReference: {fileID: 0}
    - target: {fileID: 4220423280973938, guid: 2a5ad95f2f3ee2e4c87f501ef1a64985, type: 3}
      propertyPath: m_LocalRotation.w
      value: 1
      objectReference: {fileID: 0}
    - target: {fileID: 4220423280973938, guid: 2a5ad95f2f3ee2e4c87f501ef1a64985, type: 3}
      propertyPath: m_RootOrder
      value: 12
      objectReference: {fileID: 0}
    m_RemovedComponents: []
  m_SourcePrefab: {fileID: 100100000, guid: 2a5ad95f2f3ee2e4c87f501ef1a64985, type: 3}
--- !u!4 &8908400065827575008 stripped
Transform:
  m_CorrespondingSourceObject: {fileID: 4220423280973938, guid: 2a5ad95f2f3ee2e4c87f501ef1a64985,
    type: 3}
  m_PrefabInstance: {fileID: 8912061651580013714}
  m_PrefabAsset: {fileID: 0}
--- !u!1001 &8912061651712187284
PrefabInstance:
  m_ObjectHideFlags: 0
  serializedVersion: 2
  m_Modification:
    m_TransformParent: {fileID: 8912061652585418395}
    m_Modifications:
    - target: {fileID: 1681204333746700, guid: c0564d03ec55d13429dc1db10e1f0f41, type: 3}
      propertyPath: m_Name
      value: SM_Prop_Shop_Shelf_01 (6)
      objectReference: {fileID: 0}
    - target: {fileID: 4474219167340788, guid: c0564d03ec55d13429dc1db10e1f0f41, type: 3}
      propertyPath: m_LocalPosition.x
      value: -12.56
      objectReference: {fileID: 0}
    - target: {fileID: 4474219167340788, guid: c0564d03ec55d13429dc1db10e1f0f41, type: 3}
      propertyPath: m_LocalPosition.y
      value: 0.09
      objectReference: {fileID: 0}
    - target: {fileID: 4474219167340788, guid: c0564d03ec55d13429dc1db10e1f0f41, type: 3}
      propertyPath: m_LocalPosition.z
      value: -5.872284
      objectReference: {fileID: 0}
    - target: {fileID: 4474219167340788, guid: c0564d03ec55d13429dc1db10e1f0f41, type: 3}
      propertyPath: m_LocalRotation.x
      value: -0
      objectReference: {fileID: 0}
    - target: {fileID: 4474219167340788, guid: c0564d03ec55d13429dc1db10e1f0f41, type: 3}
      propertyPath: m_LocalRotation.y
      value: -0
      objectReference: {fileID: 0}
    - target: {fileID: 4474219167340788, guid: c0564d03ec55d13429dc1db10e1f0f41, type: 3}
      propertyPath: m_LocalRotation.z
      value: -0
      objectReference: {fileID: 0}
    - target: {fileID: 4474219167340788, guid: c0564d03ec55d13429dc1db10e1f0f41, type: 3}
      propertyPath: m_LocalRotation.w
      value: 1
      objectReference: {fileID: 0}
    - target: {fileID: 4474219167340788, guid: c0564d03ec55d13429dc1db10e1f0f41, type: 3}
      propertyPath: m_RootOrder
      value: 22
      objectReference: {fileID: 0}
    m_RemovedComponents: []
  m_SourcePrefab: {fileID: 100100000, guid: c0564d03ec55d13429dc1db10e1f0f41, type: 3}
--- !u!4 &8908654004459946848 stripped
Transform:
  m_CorrespondingSourceObject: {fileID: 4474219167340788, guid: c0564d03ec55d13429dc1db10e1f0f41,
    type: 3}
  m_PrefabInstance: {fileID: 8912061651712187284}
  m_PrefabAsset: {fileID: 0}
--- !u!1001 &8912061651713768521
PrefabInstance:
  m_ObjectHideFlags: 0
  serializedVersion: 2
  m_Modification:
    m_TransformParent: {fileID: 8912061652585418395}
    m_Modifications:
    - target: {fileID: 1994170127571244, guid: 4621c378a70e7eb4b898e5e09041ccad, type: 3}
      propertyPath: m_Name
      value: SM_Prop_KitchenCabinet_01 (1)
      objectReference: {fileID: 0}
    - target: {fileID: 4066223359585048, guid: 4621c378a70e7eb4b898e5e09041ccad, type: 3}
      propertyPath: m_LocalPosition.x
      value: -10.203
      objectReference: {fileID: 0}
    - target: {fileID: 4066223359585048, guid: 4621c378a70e7eb4b898e5e09041ccad, type: 3}
      propertyPath: m_LocalPosition.y
      value: 0.117
      objectReference: {fileID: 0}
    - target: {fileID: 4066223359585048, guid: 4621c378a70e7eb4b898e5e09041ccad, type: 3}
      propertyPath: m_LocalPosition.z
      value: 4.1600037
      objectReference: {fileID: 0}
    - target: {fileID: 4066223359585048, guid: 4621c378a70e7eb4b898e5e09041ccad, type: 3}
      propertyPath: m_LocalRotation.x
      value: -0
      objectReference: {fileID: 0}
    - target: {fileID: 4066223359585048, guid: 4621c378a70e7eb4b898e5e09041ccad, type: 3}
      propertyPath: m_LocalRotation.y
      value: 0.000000014901159
      objectReference: {fileID: 0}
    - target: {fileID: 4066223359585048, guid: 4621c378a70e7eb4b898e5e09041ccad, type: 3}
      propertyPath: m_LocalRotation.z
      value: -0
      objectReference: {fileID: 0}
    - target: {fileID: 4066223359585048, guid: 4621c378a70e7eb4b898e5e09041ccad, type: 3}
      propertyPath: m_LocalRotation.w
      value: 1
      objectReference: {fileID: 0}
    - target: {fileID: 4066223359585048, guid: 4621c378a70e7eb4b898e5e09041ccad, type: 3}
      propertyPath: m_RootOrder
      value: 10
      objectReference: {fileID: 0}
    - target: {fileID: 4066223359585048, guid: 4621c378a70e7eb4b898e5e09041ccad, type: 3}
      propertyPath: m_LocalEulerAnglesHint.y
      value: 0
      objectReference: {fileID: 0}
    - target: {fileID: 4975827789681854, guid: 4621c378a70e7eb4b898e5e09041ccad, type: 3}
      propertyPath: m_LocalRotation.y
      value: -0.23299082
      objectReference: {fileID: 0}
    - target: {fileID: 4975827789681854, guid: 4621c378a70e7eb4b898e5e09041ccad, type: 3}
      propertyPath: m_LocalRotation.z
      value: 0
      objectReference: {fileID: 0}
    m_RemovedComponents: []
  m_SourcePrefab: {fileID: 100100000, guid: 4621c378a70e7eb4b898e5e09041ccad, type: 3}
--- !u!4 &8908246436985657169 stripped
Transform:
  m_CorrespondingSourceObject: {fileID: 4066223359585048, guid: 4621c378a70e7eb4b898e5e09041ccad,
    type: 3}
  m_PrefabInstance: {fileID: 8912061651713768521}
  m_PrefabAsset: {fileID: 0}
--- !u!1001 &8912061651748480198
PrefabInstance:
  m_ObjectHideFlags: 0
  serializedVersion: 2
  m_Modification:
    m_TransformParent: {fileID: 8912061652585418395}
    m_Modifications:
    - target: {fileID: 1596417884367404, guid: 060d25f13524c0e4fb8f2c684eebf642, type: 3}
      propertyPath: m_Name
      value: SM_Prop_ShoppingCart_01 (1)
      objectReference: {fileID: 0}
    - target: {fileID: 4903353639713366, guid: 060d25f13524c0e4fb8f2c684eebf642, type: 3}
      propertyPath: m_LocalPosition.x
      value: -6.221765
      objectReference: {fileID: 0}
    - target: {fileID: 4903353639713366, guid: 060d25f13524c0e4fb8f2c684eebf642, type: 3}
      propertyPath: m_LocalPosition.y
      value: 0.093
      objectReference: {fileID: 0}
    - target: {fileID: 4903353639713366, guid: 060d25f13524c0e4fb8f2c684eebf642, type: 3}
      propertyPath: m_LocalPosition.z
      value: 8.424683
      objectReference: {fileID: 0}
    - target: {fileID: 4903353639713366, guid: 060d25f13524c0e4fb8f2c684eebf642, type: 3}
      propertyPath: m_LocalRotation.x
      value: -0
      objectReference: {fileID: 0}
    - target: {fileID: 4903353639713366, guid: 060d25f13524c0e4fb8f2c684eebf642, type: 3}
      propertyPath: m_LocalRotation.y
      value: 0.70710576
      objectReference: {fileID: 0}
    - target: {fileID: 4903353639713366, guid: 060d25f13524c0e4fb8f2c684eebf642, type: 3}
      propertyPath: m_LocalRotation.z
      value: -0
      objectReference: {fileID: 0}
    - target: {fileID: 4903353639713366, guid: 060d25f13524c0e4fb8f2c684eebf642, type: 3}
      propertyPath: m_LocalRotation.w
      value: 0.7071079
      objectReference: {fileID: 0}
    - target: {fileID: 4903353639713366, guid: 060d25f13524c0e4fb8f2c684eebf642, type: 3}
      propertyPath: m_RootOrder
      value: 6
      objectReference: {fileID: 0}
    - target: {fileID: 4903353639713366, guid: 060d25f13524c0e4fb8f2c684eebf642, type: 3}
      propertyPath: m_LocalEulerAnglesHint.y
      value: 90.00001
      objectReference: {fileID: 0}
    - target: {fileID: 4903353639713366, guid: 060d25f13524c0e4fb8f2c684eebf642, type: 3}
      propertyPath: m_LocalScale.x
      value: 1
      objectReference: {fileID: 0}
    - target: {fileID: 4903353639713366, guid: 060d25f13524c0e4fb8f2c684eebf642, type: 3}
      propertyPath: m_LocalScale.z
      value: 1
      objectReference: {fileID: 0}
    m_RemovedComponents: []
  m_SourcePrefab: {fileID: 100100000, guid: 060d25f13524c0e4fb8f2c684eebf642, type: 3}
--- !u!4 &8916963745595285136 stripped
Transform:
  m_CorrespondingSourceObject: {fileID: 4903353639713366, guid: 060d25f13524c0e4fb8f2c684eebf642,
    type: 3}
  m_PrefabInstance: {fileID: 8912061651748480198}
  m_PrefabAsset: {fileID: 0}
--- !u!1001 &8912061651858227459
PrefabInstance:
  m_ObjectHideFlags: 0
  serializedVersion: 2
  m_Modification:
    m_TransformParent: {fileID: 8912061652585418395}
    m_Modifications:
    - target: {fileID: 1959266234289820, guid: 3b31892fd975b6b43aca7e848ae069c7, type: 3}
      propertyPath: m_Name
      value: SM_Prop_ShopShelf_Long_01 (7)
      objectReference: {fileID: 0}
    - target: {fileID: 4438762581062092, guid: 3b31892fd975b6b43aca7e848ae069c7, type: 3}
      propertyPath: m_LocalPosition.x
      value: 11.37
      objectReference: {fileID: 0}
    - target: {fileID: 4438762581062092, guid: 3b31892fd975b6b43aca7e848ae069c7, type: 3}
      propertyPath: m_LocalPosition.y
      value: 0.19
      objectReference: {fileID: 0}
    - target: {fileID: 4438762581062092, guid: 3b31892fd975b6b43aca7e848ae069c7, type: 3}
      propertyPath: m_LocalPosition.z
      value: 1.7600021
      objectReference: {fileID: 0}
    - target: {fileID: 4438762581062092, guid: 3b31892fd975b6b43aca7e848ae069c7, type: 3}
      propertyPath: m_LocalRotation.x
      value: -0
      objectReference: {fileID: 0}
    - target: {fileID: 4438762581062092, guid: 3b31892fd975b6b43aca7e848ae069c7, type: 3}
      propertyPath: m_LocalRotation.y
      value: 0.7071065
      objectReference: {fileID: 0}
    - target: {fileID: 4438762581062092, guid: 3b31892fd975b6b43aca7e848ae069c7, type: 3}
      propertyPath: m_LocalRotation.z
      value: -0
      objectReference: {fileID: 0}
    - target: {fileID: 4438762581062092, guid: 3b31892fd975b6b43aca7e848ae069c7, type: 3}
      propertyPath: m_LocalRotation.w
      value: 0.7071071
      objectReference: {fileID: 0}
    - target: {fileID: 4438762581062092, guid: 3b31892fd975b6b43aca7e848ae069c7, type: 3}
      propertyPath: m_RootOrder
      value: 20
      objectReference: {fileID: 0}
    - target: {fileID: 4438762581062092, guid: 3b31892fd975b6b43aca7e848ae069c7, type: 3}
      propertyPath: m_LocalEulerAnglesHint.y
      value: 90.00001
      objectReference: {fileID: 0}
    m_RemovedComponents: []
  m_SourcePrefab: {fileID: 100100000, guid: 3b31892fd975b6b43aca7e848ae069c7, type: 3}
--- !u!4 &8908619092463120591 stripped
Transform:
  m_CorrespondingSourceObject: {fileID: 4438762581062092, guid: 3b31892fd975b6b43aca7e848ae069c7,
    type: 3}
  m_PrefabInstance: {fileID: 8912061651858227459}
  m_PrefabAsset: {fileID: 0}
--- !u!1001 &8912061651865604531
PrefabInstance:
  m_ObjectHideFlags: 0
  serializedVersion: 2
  m_Modification:
    m_TransformParent: {fileID: 8912061652585418395}
    m_Modifications:
    - target: {fileID: 1779002172859548, guid: b4fc790295bd2ba47b7b9820b821c2a3, type: 3}
      propertyPath: m_Name
      value: SM_Prop_ShopShelf_Wall_01 (19)
      objectReference: {fileID: 0}
    - target: {fileID: 4124740066969216, guid: b4fc790295bd2ba47b7b9820b821c2a3, type: 3}
      propertyPath: m_LocalPosition.x
      value: 15.4
      objectReference: {fileID: 0}
    - target: {fileID: 4124740066969216, guid: b4fc790295bd2ba47b7b9820b821c2a3, type: 3}
      propertyPath: m_LocalPosition.y
      value: 1.386
      objectReference: {fileID: 0}
    - target: {fileID: 4124740066969216, guid: b4fc790295bd2ba47b7b9820b821c2a3, type: 3}
      propertyPath: m_LocalPosition.z
      value: -3.1500015
      objectReference: {fileID: 0}
    - target: {fileID: 4124740066969216, guid: b4fc790295bd2ba47b7b9820b821c2a3, type: 3}
      propertyPath: m_LocalRotation.x
      value: -0
      objectReference: {fileID: 0}
    - target: {fileID: 4124740066969216, guid: b4fc790295bd2ba47b7b9820b821c2a3, type: 3}
      propertyPath: m_LocalRotation.y
      value: -0.70710576
      objectReference: {fileID: 0}
    - target: {fileID: 4124740066969216, guid: b4fc790295bd2ba47b7b9820b821c2a3, type: 3}
      propertyPath: m_LocalRotation.z
      value: -0
      objectReference: {fileID: 0}
    - target: {fileID: 4124740066969216, guid: b4fc790295bd2ba47b7b9820b821c2a3, type: 3}
      propertyPath: m_LocalRotation.w
      value: 0.7071079
      objectReference: {fileID: 0}
    - target: {fileID: 4124740066969216, guid: b4fc790295bd2ba47b7b9820b821c2a3, type: 3}
      propertyPath: m_RootOrder
      value: 31
      objectReference: {fileID: 0}
    - target: {fileID: 4124740066969216, guid: b4fc790295bd2ba47b7b9820b821c2a3, type: 3}
      propertyPath: m_LocalEulerAnglesHint.y
      value: -90.00001
      objectReference: {fileID: 0}
    - target: {fileID: 4124740066969216, guid: b4fc790295bd2ba47b7b9820b821c2a3, type: 3}
      propertyPath: m_LocalScale.x
      value: 1.6792885
      objectReference: {fileID: 0}
    - target: {fileID: 4124740066969216, guid: b4fc790295bd2ba47b7b9820b821c2a3, type: 3}
      propertyPath: m_LocalScale.y
      value: 1.6792877
      objectReference: {fileID: 0}
    - target: {fileID: 4124740066969216, guid: b4fc790295bd2ba47b7b9820b821c2a3, type: 3}
      propertyPath: m_LocalScale.z
      value: 1.6792886
      objectReference: {fileID: 0}
    m_RemovedComponents: []
  m_SourcePrefab: {fileID: 100100000, guid: b4fc790295bd2ba47b7b9820b821c2a3, type: 3}
--- !u!4 &8908304468663015219 stripped
Transform:
  m_CorrespondingSourceObject: {fileID: 4124740066969216, guid: b4fc790295bd2ba47b7b9820b821c2a3,
    type: 3}
  m_PrefabInstance: {fileID: 8912061651865604531}
  m_PrefabAsset: {fileID: 0}
--- !u!1001 &8912061651883192301
PrefabInstance:
  m_ObjectHideFlags: 0
  serializedVersion: 2
  m_Modification:
    m_TransformParent: {fileID: 8912061652585418395}
    m_Modifications:
    - target: {fileID: 1957170623801834, guid: 87c672f2c9f52e841abd5f42c1fa7726, type: 3}
      propertyPath: m_Name
      value: SM_Prop_ShopFridge_02 (2)
      objectReference: {fileID: 0}
    - target: {fileID: 4419341254118232, guid: 87c672f2c9f52e841abd5f42c1fa7726, type: 3}
      propertyPath: m_LocalPosition.x
      value: -0.72
      objectReference: {fileID: 0}
    - target: {fileID: 4419341254118232, guid: 87c672f2c9f52e841abd5f42c1fa7726, type: 3}
      propertyPath: m_LocalPosition.y
      value: 0
      objectReference: {fileID: 0}
    - target: {fileID: 4419341254118232, guid: 87c672f2c9f52e841abd5f42c1fa7726, type: 3}
      propertyPath: m_LocalPosition.z
      value: -5.8799973
      objectReference: {fileID: 0}
    - target: {fileID: 4419341254118232, guid: 87c672f2c9f52e841abd5f42c1fa7726, type: 3}
      propertyPath: m_LocalRotation.x
      value: -0
      objectReference: {fileID: 0}
    - target: {fileID: 4419341254118232, guid: 87c672f2c9f52e841abd5f42c1fa7726, type: 3}
      propertyPath: m_LocalRotation.y
      value: -0
      objectReference: {fileID: 0}
    - target: {fileID: 4419341254118232, guid: 87c672f2c9f52e841abd5f42c1fa7726, type: 3}
      propertyPath: m_LocalRotation.z
      value: -0
      objectReference: {fileID: 0}
    - target: {fileID: 4419341254118232, guid: 87c672f2c9f52e841abd5f42c1fa7726, type: 3}
      propertyPath: m_LocalRotation.w
      value: 1
      objectReference: {fileID: 0}
    - target: {fileID: 4419341254118232, guid: 87c672f2c9f52e841abd5f42c1fa7726, type: 3}
      propertyPath: m_RootOrder
      value: 8
      objectReference: {fileID: 0}
    m_RemovedComponents: []
  m_SourcePrefab: {fileID: 100100000, guid: 87c672f2c9f52e841abd5f42c1fa7726, type: 3}
--- !u!4 &8908598920141546677 stripped
Transform:
  m_CorrespondingSourceObject: {fileID: 4419341254118232, guid: 87c672f2c9f52e841abd5f42c1fa7726,
    type: 3}
  m_PrefabInstance: {fileID: 8912061651883192301}
  m_PrefabAsset: {fileID: 0}
--- !u!1001 &8912061652072414920
PrefabInstance:
  m_ObjectHideFlags: 0
  serializedVersion: 2
  m_Modification:
    m_TransformParent: {fileID: 8912061652585418395}
    m_Modifications:
    - target: {fileID: 1369292583958506, guid: 63c227ee495f93e44a5badb99c345d26, type: 3}
      propertyPath: m_Name
      value: SM_Prop_ShopCounter_02 (9)
      objectReference: {fileID: 0}
    - target: {fileID: 4390833227404924, guid: 63c227ee495f93e44a5badb99c345d26, type: 3}
      propertyPath: m_LocalPosition.x
      value: -9.435
      objectReference: {fileID: 0}
    - target: {fileID: 4390833227404924, guid: 63c227ee495f93e44a5badb99c345d26, type: 3}
      propertyPath: m_LocalPosition.y
      value: 0.108
      objectReference: {fileID: 0}
    - target: {fileID: 4390833227404924, guid: 63c227ee495f93e44a5badb99c345d26, type: 3}
      propertyPath: m_LocalPosition.z
      value: 4.937004
      objectReference: {fileID: 0}
    - target: {fileID: 4390833227404924, guid: 63c227ee495f93e44a5badb99c345d26, type: 3}
      propertyPath: m_LocalRotation.x
      value: -0
      objectReference: {fileID: 0}
    - target: {fileID: 4390833227404924, guid: 63c227ee495f93e44a5badb99c345d26, type: 3}
      propertyPath: m_LocalRotation.y
      value: 0.70710576
      objectReference: {fileID: 0}
    - target: {fileID: 4390833227404924, guid: 63c227ee495f93e44a5badb99c345d26, type: 3}
      propertyPath: m_LocalRotation.z
      value: -0
      objectReference: {fileID: 0}
    - target: {fileID: 4390833227404924, guid: 63c227ee495f93e44a5badb99c345d26, type: 3}
      propertyPath: m_LocalRotation.w
      value: 0.7071079
      objectReference: {fileID: 0}
    - target: {fileID: 4390833227404924, guid: 63c227ee495f93e44a5badb99c345d26, type: 3}
      propertyPath: m_RootOrder
      value: 23
      objectReference: {fileID: 0}
    - target: {fileID: 4390833227404924, guid: 63c227ee495f93e44a5badb99c345d26, type: 3}
      propertyPath: m_LocalEulerAnglesHint.y
      value: 90.00001
      objectReference: {fileID: 0}
    - target: {fileID: 4390833227404924, guid: 63c227ee495f93e44a5badb99c345d26, type: 3}
      propertyPath: m_LocalScale.x
      value: 1
      objectReference: {fileID: 0}
    - target: {fileID: 4390833227404924, guid: 63c227ee495f93e44a5badb99c345d26, type: 3}
      propertyPath: m_LocalScale.z
      value: 1
      objectReference: {fileID: 0}
    m_RemovedComponents: []
  m_SourcePrefab: {fileID: 100100000, guid: 63c227ee495f93e44a5badb99c345d26, type: 3}
--- !u!4 &8908570494326909108 stripped
Transform:
  m_CorrespondingSourceObject: {fileID: 4390833227404924, guid: 63c227ee495f93e44a5badb99c345d26,
    type: 3}
  m_PrefabInstance: {fileID: 8912061652072414920}
  m_PrefabAsset: {fileID: 0}
--- !u!1001 &8912061652207069704
PrefabInstance:
  m_ObjectHideFlags: 0
  serializedVersion: 2
  m_Modification:
    m_TransformParent: {fileID: 8912061652585418395}
    m_Modifications:
    - target: {fileID: 1779002172859548, guid: b4fc790295bd2ba47b7b9820b821c2a3, type: 3}
      propertyPath: m_Name
      value: SM_Prop_ShopShelf_Wall_01 (18)
      objectReference: {fileID: 0}
    - target: {fileID: 4124740066969216, guid: b4fc790295bd2ba47b7b9820b821c2a3, type: 3}
      propertyPath: m_LocalPosition.x
      value: 15.4
      objectReference: {fileID: 0}
    - target: {fileID: 4124740066969216, guid: b4fc790295bd2ba47b7b9820b821c2a3, type: 3}
      propertyPath: m_LocalPosition.y
      value: 1.386
      objectReference: {fileID: 0}
    - target: {fileID: 4124740066969216, guid: b4fc790295bd2ba47b7b9820b821c2a3, type: 3}
      propertyPath: m_LocalPosition.z
      value: 1.2310028
      objectReference: {fileID: 0}
    - target: {fileID: 4124740066969216, guid: b4fc790295bd2ba47b7b9820b821c2a3, type: 3}
      propertyPath: m_LocalRotation.x
      value: -0
      objectReference: {fileID: 0}
    - target: {fileID: 4124740066969216, guid: b4fc790295bd2ba47b7b9820b821c2a3, type: 3}
      propertyPath: m_LocalRotation.y
      value: -0.70710576
      objectReference: {fileID: 0}
    - target: {fileID: 4124740066969216, guid: b4fc790295bd2ba47b7b9820b821c2a3, type: 3}
      propertyPath: m_LocalRotation.z
      value: -0
      objectReference: {fileID: 0}
    - target: {fileID: 4124740066969216, guid: b4fc790295bd2ba47b7b9820b821c2a3, type: 3}
      propertyPath: m_LocalRotation.w
      value: 0.7071079
      objectReference: {fileID: 0}
    - target: {fileID: 4124740066969216, guid: b4fc790295bd2ba47b7b9820b821c2a3, type: 3}
      propertyPath: m_RootOrder
      value: 1
      objectReference: {fileID: 0}
    - target: {fileID: 4124740066969216, guid: b4fc790295bd2ba47b7b9820b821c2a3, type: 3}
      propertyPath: m_LocalEulerAnglesHint.y
      value: -90.00001
      objectReference: {fileID: 0}
    - target: {fileID: 4124740066969216, guid: b4fc790295bd2ba47b7b9820b821c2a3, type: 3}
      propertyPath: m_LocalScale.x
      value: 1.6792885
      objectReference: {fileID: 0}
    - target: {fileID: 4124740066969216, guid: b4fc790295bd2ba47b7b9820b821c2a3, type: 3}
      propertyPath: m_LocalScale.y
      value: 1.6792877
      objectReference: {fileID: 0}
    - target: {fileID: 4124740066969216, guid: b4fc790295bd2ba47b7b9820b821c2a3, type: 3}
      propertyPath: m_LocalScale.z
      value: 1.6792886
      objectReference: {fileID: 0}
    m_RemovedComponents: []
  m_SourcePrefab: {fileID: 100100000, guid: b4fc790295bd2ba47b7b9820b821c2a3, type: 3}
--- !u!4 &8908304468002827400 stripped
Transform:
  m_CorrespondingSourceObject: {fileID: 4124740066969216, guid: b4fc790295bd2ba47b7b9820b821c2a3,
    type: 3}
  m_PrefabInstance: {fileID: 8912061652207069704}
  m_PrefabAsset: {fileID: 0}
--- !u!1001 &8912061652247749479
PrefabInstance:
  m_ObjectHideFlags: 0
  serializedVersion: 2
  m_Modification:
    m_TransformParent: {fileID: 8912061652585418395}
    m_Modifications:
    - target: {fileID: 1151416925077548, guid: 336eaf25565f3854daef15fc6bd94105, type: 3}
      propertyPath: m_Name
      value: SM_Prop_ShoppingCart_Broken_01 (1)
      objectReference: {fileID: 0}
    - target: {fileID: 4894786827853068, guid: 336eaf25565f3854daef15fc6bd94105, type: 3}
      propertyPath: m_LocalPosition.x
      value: -11.79
      objectReference: {fileID: 0}
    - target: {fileID: 4894786827853068, guid: 336eaf25565f3854daef15fc6bd94105, type: 3}
      propertyPath: m_LocalPosition.y
      value: 0.121
      objectReference: {fileID: 0}
    - target: {fileID: 4894786827853068, guid: 336eaf25565f3854daef15fc6bd94105, type: 3}
      propertyPath: m_LocalPosition.z
      value: -0.099998474
      objectReference: {fileID: 0}
    - target: {fileID: 4894786827853068, guid: 336eaf25565f3854daef15fc6bd94105, type: 3}
      propertyPath: m_LocalRotation.x
      value: -0
      objectReference: {fileID: 0}
    - target: {fileID: 4894786827853068, guid: 336eaf25565f3854daef15fc6bd94105, type: 3}
      propertyPath: m_LocalRotation.y
      value: 0.39272922
      objectReference: {fileID: 0}
    - target: {fileID: 4894786827853068, guid: 336eaf25565f3854daef15fc6bd94105, type: 3}
      propertyPath: m_LocalRotation.z
      value: -0
      objectReference: {fileID: 0}
    - target: {fileID: 4894786827853068, guid: 336eaf25565f3854daef15fc6bd94105, type: 3}
      propertyPath: m_LocalRotation.w
      value: 0.91965413
      objectReference: {fileID: 0}
    - target: {fileID: 4894786827853068, guid: 336eaf25565f3854daef15fc6bd94105, type: 3}
      propertyPath: m_RootOrder
      value: 7
      objectReference: {fileID: 0}
    - target: {fileID: 4894786827853068, guid: 336eaf25565f3854daef15fc6bd94105, type: 3}
      propertyPath: m_LocalEulerAnglesHint.y
      value: 46.249
      objectReference: {fileID: 0}
    - target: {fileID: 4894786827853068, guid: 336eaf25565f3854daef15fc6bd94105, type: 3}
      propertyPath: m_LocalScale.x
      value: 1
      objectReference: {fileID: 0}
    - target: {fileID: 4894786827853068, guid: 336eaf25565f3854daef15fc6bd94105, type: 3}
      propertyPath: m_LocalScale.z
      value: 1
      objectReference: {fileID: 0}
    m_RemovedComponents: []
  m_SourcePrefab: {fileID: 100100000, guid: 336eaf25565f3854daef15fc6bd94105, type: 3}
--- !u!4 &8916954718739873387 stripped
Transform:
  m_CorrespondingSourceObject: {fileID: 4894786827853068, guid: 336eaf25565f3854daef15fc6bd94105,
    type: 3}
  m_PrefabInstance: {fileID: 8912061652247749479}
  m_PrefabAsset: {fileID: 0}
--- !u!1001 &8912061652267202765
PrefabInstance:
  m_ObjectHideFlags: 0
  serializedVersion: 2
  m_Modification:
    m_TransformParent: {fileID: 8912061652585418395}
    m_Modifications:
    - target: {fileID: 4245169943814210, guid: 66dc14b7731994e4fa759ed14aa0d4d6, type: 3}
      propertyPath: m_LocalPosition.x
      value: 0
      objectReference: {fileID: 0}
    - target: {fileID: 4245169943814210, guid: 66dc14b7731994e4fa759ed14aa0d4d6, type: 3}
      propertyPath: m_LocalPosition.y
      value: 0
      objectReference: {fileID: 0}
    - target: {fileID: 4245169943814210, guid: 66dc14b7731994e4fa759ed14aa0d4d6, type: 3}
      propertyPath: m_LocalPosition.z
      value: 0
      objectReference: {fileID: 0}
    - target: {fileID: 4245169943814210, guid: 66dc14b7731994e4fa759ed14aa0d4d6, type: 3}
      propertyPath: m_LocalRotation.x
      value: 0
      objectReference: {fileID: 0}
    - target: {fileID: 4245169943814210, guid: 66dc14b7731994e4fa759ed14aa0d4d6, type: 3}
      propertyPath: m_LocalRotation.y
      value: 0
      objectReference: {fileID: 0}
    - target: {fileID: 4245169943814210, guid: 66dc14b7731994e4fa759ed14aa0d4d6, type: 3}
      propertyPath: m_LocalRotation.z
      value: 0
      objectReference: {fileID: 0}
    - target: {fileID: 4245169943814210, guid: 66dc14b7731994e4fa759ed14aa0d4d6, type: 3}
      propertyPath: m_LocalRotation.w
      value: 1
      objectReference: {fileID: 0}
    - target: {fileID: 4245169943814210, guid: 66dc14b7731994e4fa759ed14aa0d4d6, type: 3}
      propertyPath: m_RootOrder
      value: 0
      objectReference: {fileID: 0}
    - target: {fileID: 4321076784874808, guid: 66dc14b7731994e4fa759ed14aa0d4d6, type: 3}
      propertyPath: m_RootOrder
      value: 1
      objectReference: {fileID: 0}
    - target: {fileID: 4333973284976082, guid: 66dc14b7731994e4fa759ed14aa0d4d6, type: 3}
      propertyPath: m_RootOrder
      value: 0
      objectReference: {fileID: 0}
    - target: {fileID: 4571099864761204, guid: 66dc14b7731994e4fa759ed14aa0d4d6, type: 3}
      propertyPath: m_RootOrder
      value: 2
      objectReference: {fileID: 0}
    m_RemovedComponents: []
  m_SourcePrefab: {fileID: 100100000, guid: 66dc14b7731994e4fa759ed14aa0d4d6, type: 3}
--- !u!4 &8908423731643635855 stripped
Transform:
  m_CorrespondingSourceObject: {fileID: 4245169943814210, guid: 66dc14b7731994e4fa759ed14aa0d4d6,
    type: 3}
  m_PrefabInstance: {fileID: 8912061652267202765}
  m_PrefabAsset: {fileID: 0}
--- !u!1001 &8912061652296186690
PrefabInstance:
  m_ObjectHideFlags: 0
  serializedVersion: 2
  m_Modification:
    m_TransformParent: {fileID: 8912061652585418395}
    m_Modifications:
    - target: {fileID: 1879143537624328, guid: 33e75ff2beda4ec4398fe6f9fcef275d, type: 3}
      propertyPath: m_Name
      value: SM_Prop_ShopCheckout_01 (8)
      objectReference: {fileID: 0}
    - target: {fileID: 4797453047698110, guid: 33e75ff2beda4ec4398fe6f9fcef275d, type: 3}
      propertyPath: m_LocalPosition.x
      value: -12.314
      objectReference: {fileID: 0}
    - target: {fileID: 4797453047698110, guid: 33e75ff2beda4ec4398fe6f9fcef275d, type: 3}
      propertyPath: m_LocalPosition.y
      value: 1.096
      objectReference: {fileID: 0}
    - target: {fileID: 4797453047698110, guid: 33e75ff2beda4ec4398fe6f9fcef275d, type: 3}
      propertyPath: m_LocalPosition.z
      value: 4.193001
      objectReference: {fileID: 0}
    - target: {fileID: 4797453047698110, guid: 33e75ff2beda4ec4398fe6f9fcef275d, type: 3}
      propertyPath: m_LocalRotation.x
      value: -0
      objectReference: {fileID: 0}
    - target: {fileID: 4797453047698110, guid: 33e75ff2beda4ec4398fe6f9fcef275d, type: 3}
      propertyPath: m_LocalRotation.y
      value: 0.8316097
      objectReference: {fileID: 0}
    - target: {fileID: 4797453047698110, guid: 33e75ff2beda4ec4398fe6f9fcef275d, type: 3}
      propertyPath: m_LocalRotation.z
      value: -0
      objectReference: {fileID: 0}
    - target: {fileID: 4797453047698110, guid: 33e75ff2beda4ec4398fe6f9fcef275d, type: 3}
      propertyPath: m_LocalRotation.w
      value: 0.55536056
      objectReference: {fileID: 0}
    - target: {fileID: 4797453047698110, guid: 33e75ff2beda4ec4398fe6f9fcef275d, type: 3}
      propertyPath: m_RootOrder
      value: 9
      objectReference: {fileID: 0}
    - target: {fileID: 4797453047698110, guid: 33e75ff2beda4ec4398fe6f9fcef275d, type: 3}
      propertyPath: m_LocalEulerAnglesHint.y
      value: 112.52901
      objectReference: {fileID: 0}
    - target: {fileID: 4797453047698110, guid: 33e75ff2beda4ec4398fe6f9fcef275d, type: 3}
      propertyPath: m_LocalScale.x
      value: 1
      objectReference: {fileID: 0}
    - target: {fileID: 4797453047698110, guid: 33e75ff2beda4ec4398fe6f9fcef275d, type: 3}
      propertyPath: m_LocalScale.z
      value: 1
      objectReference: {fileID: 0}
    m_RemovedComponents: []
  m_SourcePrefab: {fileID: 100100000, guid: 33e75ff2beda4ec4398fe6f9fcef275d, type: 3}
--- !u!4 &8916858538400328188 stripped
Transform:
  m_CorrespondingSourceObject: {fileID: 4797453047698110, guid: 33e75ff2beda4ec4398fe6f9fcef275d,
    type: 3}
  m_PrefabInstance: {fileID: 8912061652296186690}
  m_PrefabAsset: {fileID: 0}
--- !u!1001 &8912061652319691389
PrefabInstance:
  m_ObjectHideFlags: 0
  serializedVersion: 2
  m_Modification:
    m_TransformParent: {fileID: 8912061652585418395}
    m_Modifications:
    - target: {fileID: 1959266234289820, guid: 3b31892fd975b6b43aca7e848ae069c7, type: 3}
      propertyPath: m_Name
      value: SM_Prop_ShopShelf_Long_01 (2)
      objectReference: {fileID: 0}
    - target: {fileID: 4438762581062092, guid: 3b31892fd975b6b43aca7e848ae069c7, type: 3}
      propertyPath: m_LocalPosition.x
      value: -7.09
      objectReference: {fileID: 0}
    - target: {fileID: 4438762581062092, guid: 3b31892fd975b6b43aca7e848ae069c7, type: 3}
      propertyPath: m_LocalPosition.y
      value: 0.19
      objectReference: {fileID: 0}
    - target: {fileID: 4438762581062092, guid: 3b31892fd975b6b43aca7e848ae069c7, type: 3}
      propertyPath: m_LocalPosition.z
      value: 1.7600021
      objectReference: {fileID: 0}
    - target: {fileID: 4438762581062092, guid: 3b31892fd975b6b43aca7e848ae069c7, type: 3}
      propertyPath: m_LocalRotation.x
      value: -0
      objectReference: {fileID: 0}
    - target: {fileID: 4438762581062092, guid: 3b31892fd975b6b43aca7e848ae069c7, type: 3}
      propertyPath: m_LocalRotation.y
      value: 0.7188193
      objectReference: {fileID: 0}
    - target: {fileID: 4438762581062092, guid: 3b31892fd975b6b43aca7e848ae069c7, type: 3}
      propertyPath: m_LocalRotation.z
      value: -0
      objectReference: {fileID: 0}
    - target: {fileID: 4438762581062092, guid: 3b31892fd975b6b43aca7e848ae069c7, type: 3}
      propertyPath: m_LocalRotation.w
      value: 0.6951969
      objectReference: {fileID: 0}
    - target: {fileID: 4438762581062092, guid: 3b31892fd975b6b43aca7e848ae069c7, type: 3}
      propertyPath: m_RootOrder
      value: 16
      objectReference: {fileID: 0}
    - target: {fileID: 4438762581062092, guid: 3b31892fd975b6b43aca7e848ae069c7, type: 3}
      propertyPath: m_LocalEulerAnglesHint.y
      value: 91.914
      objectReference: {fileID: 0}
    m_RemovedComponents: []
  m_SourcePrefab: {fileID: 100100000, guid: 3b31892fd975b6b43aca7e848ae069c7, type: 3}
--- !u!4 &8908619091834016689 stripped
Transform:
  m_CorrespondingSourceObject: {fileID: 4438762581062092, guid: 3b31892fd975b6b43aca7e848ae069c7,
    type: 3}
  m_PrefabInstance: {fileID: 8912061652319691389}
  m_PrefabAsset: {fileID: 0}
--- !u!1001 &8912061652409964398
PrefabInstance:
  m_ObjectHideFlags: 0
  serializedVersion: 2
  m_Modification:
    m_TransformParent: {fileID: 8912061652585418395}
    m_Modifications:
    - target: {fileID: 1573260548902052, guid: 8dbdf6585915f2644a44577e1ede2521, type: 3}
      propertyPath: m_Name
      value: SM_Prop_Pipe_Valve_01 (1)
      objectReference: {fileID: 0}
    - target: {fileID: 4225059706895760, guid: 8dbdf6585915f2644a44577e1ede2521, type: 3}
      propertyPath: m_LocalPosition.x
      value: 7.787452
      objectReference: {fileID: 0}
    - target: {fileID: 4225059706895760, guid: 8dbdf6585915f2644a44577e1ede2521, type: 3}
      propertyPath: m_LocalPosition.y
      value: 0.099
      objectReference: {fileID: 0}
    - target: {fileID: 4225059706895760, guid: 8dbdf6585915f2644a44577e1ede2521, type: 3}
      propertyPath: m_LocalPosition.z
      value: -11.485001
      objectReference: {fileID: 0}
    - target: {fileID: 4225059706895760, guid: 8dbdf6585915f2644a44577e1ede2521, type: 3}
      propertyPath: m_LocalRotation.x
      value: -0
      objectReference: {fileID: 0}
    - target: {fileID: 4225059706895760, guid: 8dbdf6585915f2644a44577e1ede2521, type: 3}
      propertyPath: m_LocalRotation.y
      value: -0
      objectReference: {fileID: 0}
    - target: {fileID: 4225059706895760, guid: 8dbdf6585915f2644a44577e1ede2521, type: 3}
      propertyPath: m_LocalRotation.z
      value: -0
      objectReference: {fileID: 0}
    - target: {fileID: 4225059706895760, guid: 8dbdf6585915f2644a44577e1ede2521, type: 3}
      propertyPath: m_LocalRotation.w
      value: 1
      objectReference: {fileID: 0}
    - target: {fileID: 4225059706895760, guid: 8dbdf6585915f2644a44577e1ede2521, type: 3}
      propertyPath: m_RootOrder
      value: 3
      objectReference: {fileID: 0}
    m_RemovedComponents: []
  m_SourcePrefab: {fileID: 100100000, guid: 8dbdf6585915f2644a44577e1ede2521, type: 3}
--- !u!4 &8908404224664873726 stripped
Transform:
  m_CorrespondingSourceObject: {fileID: 4225059706895760, guid: 8dbdf6585915f2644a44577e1ede2521,
    type: 3}
  m_PrefabInstance: {fileID: 8912061652409964398}
  m_PrefabAsset: {fileID: 0}
--- !u!1001 &8912061652451155676
PrefabInstance:
  m_ObjectHideFlags: 0
  serializedVersion: 2
  m_Modification:
    m_TransformParent: {fileID: 8912061652585418395}
    m_Modifications:
    - target: {fileID: 1291397166752976, guid: 2a5ad95f2f3ee2e4c87f501ef1a64985, type: 3}
      propertyPath: m_Name
      value: SM_Prop_ShopFridge_01 (4)
      objectReference: {fileID: 0}
    - target: {fileID: 4220423280973938, guid: 2a5ad95f2f3ee2e4c87f501ef1a64985, type: 3}
      propertyPath: m_LocalPosition.x
      value: 11.33
      objectReference: {fileID: 0}
    - target: {fileID: 4220423280973938, guid: 2a5ad95f2f3ee2e4c87f501ef1a64985, type: 3}
      propertyPath: m_LocalPosition.y
      value: 0.07
      objectReference: {fileID: 0}
    - target: {fileID: 4220423280973938, guid: 2a5ad95f2f3ee2e4c87f501ef1a64985, type: 3}
      propertyPath: m_LocalPosition.z
      value: -5.683586
      objectReference: {fileID: 0}
    - target: {fileID: 4220423280973938, guid: 2a5ad95f2f3ee2e4c87f501ef1a64985, type: 3}
      propertyPath: m_LocalRotation.x
      value: -0
      objectReference: {fileID: 0}
    - target: {fileID: 4220423280973938, guid: 2a5ad95f2f3ee2e4c87f501ef1a64985, type: 3}
      propertyPath: m_LocalRotation.y
      value: -0
      objectReference: {fileID: 0}
    - target: {fileID: 4220423280973938, guid: 2a5ad95f2f3ee2e4c87f501ef1a64985, type: 3}
      propertyPath: m_LocalRotation.z
      value: -0
      objectReference: {fileID: 0}
    - target: {fileID: 4220423280973938, guid: 2a5ad95f2f3ee2e4c87f501ef1a64985, type: 3}
      propertyPath: m_LocalRotation.w
      value: 1
      objectReference: {fileID: 0}
    - target: {fileID: 4220423280973938, guid: 2a5ad95f2f3ee2e4c87f501ef1a64985, type: 3}
      propertyPath: m_RootOrder
      value: 21
      objectReference: {fileID: 0}
    m_RemovedComponents: []
  m_SourcePrefab: {fileID: 100100000, guid: 2a5ad95f2f3ee2e4c87f501ef1a64985, type: 3}
--- !u!4 &8908400064956565166 stripped
Transform:
  m_CorrespondingSourceObject: {fileID: 4220423280973938, guid: 2a5ad95f2f3ee2e4c87f501ef1a64985,
    type: 3}
  m_PrefabInstance: {fileID: 8912061652451155676}
  m_PrefabAsset: {fileID: 0}
--- !u!1001 &8912061652521932091
PrefabInstance:
  m_ObjectHideFlags: 0
  serializedVersion: 2
  m_Modification:
    m_TransformParent: {fileID: 8912061652585418395}
    m_Modifications:
    - target: {fileID: 1959266234289820, guid: 3b31892fd975b6b43aca7e848ae069c7, type: 3}
      propertyPath: m_Name
      value: SM_Prop_ShopShelf_Long_01 (3)
      objectReference: {fileID: 0}
    - target: {fileID: 4438762581062092, guid: 3b31892fd975b6b43aca7e848ae069c7, type: 3}
      propertyPath: m_LocalPosition.x
      value: -3.2
      objectReference: {fileID: 0}
    - target: {fileID: 4438762581062092, guid: 3b31892fd975b6b43aca7e848ae069c7, type: 3}
      propertyPath: m_LocalPosition.y
      value: 0.19
      objectReference: {fileID: 0}
    - target: {fileID: 4438762581062092, guid: 3b31892fd975b6b43aca7e848ae069c7, type: 3}
      propertyPath: m_LocalPosition.z
      value: 1.7600021
      objectReference: {fileID: 0}
    - target: {fileID: 4438762581062092, guid: 3b31892fd975b6b43aca7e848ae069c7, type: 3}
      propertyPath: m_LocalRotation.x
      value: -0
      objectReference: {fileID: 0}
    - target: {fileID: 4438762581062092, guid: 3b31892fd975b6b43aca7e848ae069c7, type: 3}
      propertyPath: m_LocalRotation.y
      value: 0.72897017
      objectReference: {fileID: 0}
    - target: {fileID: 4438762581062092, guid: 3b31892fd975b6b43aca7e848ae069c7, type: 3}
      propertyPath: m_LocalRotation.z
      value: -0
      objectReference: {fileID: 0}
    - target: {fileID: 4438762581062092, guid: 3b31892fd975b6b43aca7e848ae069c7, type: 3}
      propertyPath: m_LocalRotation.w
      value: -0.6845455
      objectReference: {fileID: 0}
    - target: {fileID: 4438762581062092, guid: 3b31892fd975b6b43aca7e848ae069c7, type: 3}
      propertyPath: m_RootOrder
      value: 17
      objectReference: {fileID: 0}
    - target: {fileID: 4438762581062092, guid: 3b31892fd975b6b43aca7e848ae069c7, type: 3}
      propertyPath: m_LocalEulerAnglesHint.y
      value: 266.4
      objectReference: {fileID: 0}
    - target: {fileID: 4438762581062092, guid: 3b31892fd975b6b43aca7e848ae069c7, type: 3}
      propertyPath: m_LocalScale.x
      value: 1
      objectReference: {fileID: 0}
    - target: {fileID: 4438762581062092, guid: 3b31892fd975b6b43aca7e848ae069c7, type: 3}
      propertyPath: m_LocalScale.z
      value: 1
      objectReference: {fileID: 0}
    m_RemovedComponents: []
  m_SourcePrefab: {fileID: 100100000, guid: 3b31892fd975b6b43aca7e848ae069c7, type: 3}
--- !u!4 &8908619091499132151 stripped
Transform:
  m_CorrespondingSourceObject: {fileID: 4438762581062092, guid: 3b31892fd975b6b43aca7e848ae069c7,
    type: 3}
  m_PrefabInstance: {fileID: 8912061652521932091}
  m_PrefabAsset: {fileID: 0}
--- !u!1001 &8912061652595200367
PrefabInstance:
  m_ObjectHideFlags: 0
  serializedVersion: 2
  m_Modification:
    m_TransformParent: {fileID: 8912061652585418395}
    m_Modifications:
    - target: {fileID: 1552746946814654, guid: ccaf6e6b649b6e648be75d7f9669a07e, type: 3}
      propertyPath: m_Name
      value: SM_Prop_CardboardBox_02 (8)
      objectReference: {fileID: 0}
    - target: {fileID: 4000245430781242, guid: ccaf6e6b649b6e648be75d7f9669a07e, type: 3}
      propertyPath: m_LocalPosition.x
      value: 9.259
      objectReference: {fileID: 0}
    - target: {fileID: 4000245430781242, guid: ccaf6e6b649b6e648be75d7f9669a07e, type: 3}
      propertyPath: m_LocalPosition.y
      value: 0.353
      objectReference: {fileID: 0}
    - target: {fileID: 4000245430781242, guid: ccaf6e6b649b6e648be75d7f9669a07e, type: 3}
      propertyPath: m_LocalPosition.z
      value: -10.697998
      objectReference: {fileID: 0}
    - target: {fileID: 4000245430781242, guid: ccaf6e6b649b6e648be75d7f9669a07e, type: 3}
      propertyPath: m_LocalRotation.x
      value: -0
      objectReference: {fileID: 0}
    - target: {fileID: 4000245430781242, guid: ccaf6e6b649b6e648be75d7f9669a07e, type: 3}
      propertyPath: m_LocalRotation.y
      value: 0.5711505
      objectReference: {fileID: 0}
    - target: {fileID: 4000245430781242, guid: ccaf6e6b649b6e648be75d7f9669a07e, type: 3}
      propertyPath: m_LocalRotation.z
      value: -0
      objectReference: {fileID: 0}
    - target: {fileID: 4000245430781242, guid: ccaf6e6b649b6e648be75d7f9669a07e, type: 3}
      propertyPath: m_LocalRotation.w
      value: 0.82084537
      objectReference: {fileID: 0}
    - target: {fileID: 4000245430781242, guid: ccaf6e6b649b6e648be75d7f9669a07e, type: 3}
      propertyPath: m_RootOrder
      value: 13
      objectReference: {fileID: 0}
    - target: {fileID: 4000245430781242, guid: ccaf6e6b649b6e648be75d7f9669a07e, type: 3}
      propertyPath: m_LocalEulerAnglesHint.y
      value: 69.661
      objectReference: {fileID: 0}
    m_RemovedComponents: []
  m_SourcePrefab: {fileID: 100100000, guid: ccaf6e6b649b6e648be75d7f9669a07e, type: 3}
--- !u!4 &8908180439118369877 stripped
Transform:
  m_CorrespondingSourceObject: {fileID: 4000245430781242, guid: ccaf6e6b649b6e648be75d7f9669a07e,
    type: 3}
  m_PrefabInstance: {fileID: 8912061652595200367}
  m_PrefabAsset: {fileID: 0}
--- !u!1001 &8912061652687478440
PrefabInstance:
  m_ObjectHideFlags: 0
  serializedVersion: 2
  m_Modification:
    m_TransformParent: {fileID: 8912061652585418395}
    m_Modifications:
    - target: {fileID: 4350714471217082, guid: 197ecb7f274ae6043a0c332c7ba3c803, type: 3}
      propertyPath: m_LocalPosition.x
      value: -9.22
      objectReference: {fileID: 0}
    - target: {fileID: 4350714471217082, guid: 197ecb7f274ae6043a0c332c7ba3c803, type: 3}
      propertyPath: m_LocalPosition.y
      value: 0.089
      objectReference: {fileID: 0}
    - target: {fileID: 4350714471217082, guid: 197ecb7f274ae6043a0c332c7ba3c803, type: 3}
      propertyPath: m_LocalPosition.z
      value: -5.6100006
      objectReference: {fileID: 0}
    - target: {fileID: 4350714471217082, guid: 197ecb7f274ae6043a0c332c7ba3c803, type: 3}
      propertyPath: m_LocalRotation.x
      value: -0
      objectReference: {fileID: 0}
    - target: {fileID: 4350714471217082, guid: 197ecb7f274ae6043a0c332c7ba3c803, type: 3}
      propertyPath: m_LocalRotation.y
      value: -0
      objectReference: {fileID: 0}
    - target: {fileID: 4350714471217082, guid: 197ecb7f274ae6043a0c332c7ba3c803, type: 3}
      propertyPath: m_LocalRotation.z
      value: -0
      objectReference: {fileID: 0}
    - target: {fileID: 4350714471217082, guid: 197ecb7f274ae6043a0c332c7ba3c803, type: 3}
      propertyPath: m_LocalRotation.w
      value: 1
      objectReference: {fileID: 0}
    - target: {fileID: 4350714471217082, guid: 197ecb7f274ae6043a0c332c7ba3c803, type: 3}
      propertyPath: m_RootOrder
      value: 15
      objectReference: {fileID: 0}
    m_RemovedComponents: []
  m_SourcePrefab: {fileID: 100100000, guid: 197ecb7f274ae6043a0c332c7ba3c803, type: 3}
--- !u!4 &8908529258536773906 stripped
Transform:
  m_CorrespondingSourceObject: {fileID: 4350714471217082, guid: 197ecb7f274ae6043a0c332c7ba3c803,
    type: 3}
  m_PrefabInstance: {fileID: 8912061652687478440}
  m_PrefabAsset: {fileID: 0}
--- !u!1001 &8912061652804347096
PrefabInstance:
  m_ObjectHideFlags: 0
  serializedVersion: 2
  m_Modification:
    m_TransformParent: {fileID: 8912061652585418395}
    m_Modifications:
    - target: {fileID: 1879143537624328, guid: 33e75ff2beda4ec4398fe6f9fcef275d, type: 3}
      propertyPath: m_Name
      value: SM_Prop_ShopCheckout_01 (9)
      objectReference: {fileID: 0}
    - target: {fileID: 4797453047698110, guid: 33e75ff2beda4ec4398fe6f9fcef275d, type: 3}
      propertyPath: m_LocalPosition.x
      value: -9.49
      objectReference: {fileID: 0}
    - target: {fileID: 4797453047698110, guid: 33e75ff2beda4ec4398fe6f9fcef275d, type: 3}
      propertyPath: m_LocalPosition.y
      value: 1.096
      objectReference: {fileID: 0}
    - target: {fileID: 4797453047698110, guid: 33e75ff2beda4ec4398fe6f9fcef275d, type: 3}
      propertyPath: m_LocalPosition.z
      value: 4.102005
      objectReference: {fileID: 0}
    - target: {fileID: 4797453047698110, guid: 33e75ff2beda4ec4398fe6f9fcef275d, type: 3}
      propertyPath: m_LocalRotation.x
      value: -0
      objectReference: {fileID: 0}
    - target: {fileID: 4797453047698110, guid: 33e75ff2beda4ec4398fe6f9fcef275d, type: 3}
      propertyPath: m_LocalRotation.y
      value: 0.8316097
      objectReference: {fileID: 0}
    - target: {fileID: 4797453047698110, guid: 33e75ff2beda4ec4398fe6f9fcef275d, type: 3}
      propertyPath: m_LocalRotation.z
      value: -0
      objectReference: {fileID: 0}
    - target: {fileID: 4797453047698110, guid: 33e75ff2beda4ec4398fe6f9fcef275d, type: 3}
      propertyPath: m_LocalRotation.w
      value: 0.55536056
      objectReference: {fileID: 0}
    - target: {fileID: 4797453047698110, guid: 33e75ff2beda4ec4398fe6f9fcef275d, type: 3}
      propertyPath: m_RootOrder
      value: 25
      objectReference: {fileID: 0}
    - target: {fileID: 4797453047698110, guid: 33e75ff2beda4ec4398fe6f9fcef275d, type: 3}
      propertyPath: m_LocalEulerAnglesHint.y
      value: 112.52901
      objectReference: {fileID: 0}
    - target: {fileID: 4797453047698110, guid: 33e75ff2beda4ec4398fe6f9fcef275d, type: 3}
      propertyPath: m_LocalScale.x
      value: 1
      objectReference: {fileID: 0}
    - target: {fileID: 4797453047698110, guid: 33e75ff2beda4ec4398fe6f9fcef275d, type: 3}
      propertyPath: m_LocalScale.z
      value: 1
      objectReference: {fileID: 0}
    m_RemovedComponents: []
  m_SourcePrefab: {fileID: 100100000, guid: 33e75ff2beda4ec4398fe6f9fcef275d, type: 3}
--- !u!4 &8916858538764318310 stripped
Transform:
  m_CorrespondingSourceObject: {fileID: 4797453047698110, guid: 33e75ff2beda4ec4398fe6f9fcef275d,
    type: 3}
  m_PrefabInstance: {fileID: 8912061652804347096}
  m_PrefabAsset: {fileID: 0}
--- !u!1001 &8912061652808356505
PrefabInstance:
  m_ObjectHideFlags: 0
  serializedVersion: 2
  m_Modification:
    m_TransformParent: {fileID: 8912061652585418395}
    m_Modifications:
    - target: {fileID: 1596417884367404, guid: 060d25f13524c0e4fb8f2c684eebf642, type: 3}
      propertyPath: m_Name
      value: SM_Prop_ShoppingCart_01 (3)
      objectReference: {fileID: 0}
    - target: {fileID: 4903353639713366, guid: 060d25f13524c0e4fb8f2c684eebf642, type: 3}
      propertyPath: m_LocalPosition.x
      value: -5.114
      objectReference: {fileID: 0}
    - target: {fileID: 4903353639713366, guid: 060d25f13524c0e4fb8f2c684eebf642, type: 3}
      propertyPath: m_LocalPosition.y
      value: 0.093
      objectReference: {fileID: 0}
    - target: {fileID: 4903353639713366, guid: 060d25f13524c0e4fb8f2c684eebf642, type: 3}
      propertyPath: m_LocalPosition.z
      value: 8.424683
      objectReference: {fileID: 0}
    - target: {fileID: 4903353639713366, guid: 060d25f13524c0e4fb8f2c684eebf642, type: 3}
      propertyPath: m_LocalRotation.x
      value: -0
      objectReference: {fileID: 0}
    - target: {fileID: 4903353639713366, guid: 060d25f13524c0e4fb8f2c684eebf642, type: 3}
      propertyPath: m_LocalRotation.y
      value: 0.70710576
      objectReference: {fileID: 0}
    - target: {fileID: 4903353639713366, guid: 060d25f13524c0e4fb8f2c684eebf642, type: 3}
      propertyPath: m_LocalRotation.z
      value: -0
      objectReference: {fileID: 0}
    - target: {fileID: 4903353639713366, guid: 060d25f13524c0e4fb8f2c684eebf642, type: 3}
      propertyPath: m_LocalRotation.w
      value: 0.7071079
      objectReference: {fileID: 0}
    - target: {fileID: 4903353639713366, guid: 060d25f13524c0e4fb8f2c684eebf642, type: 3}
      propertyPath: m_RootOrder
      value: 29
      objectReference: {fileID: 0}
    - target: {fileID: 4903353639713366, guid: 060d25f13524c0e4fb8f2c684eebf642, type: 3}
      propertyPath: m_LocalEulerAnglesHint.y
      value: 90.00001
      objectReference: {fileID: 0}
    - target: {fileID: 4903353639713366, guid: 060d25f13524c0e4fb8f2c684eebf642, type: 3}
      propertyPath: m_LocalScale.x
      value: 1
      objectReference: {fileID: 0}
    - target: {fileID: 4903353639713366, guid: 060d25f13524c0e4fb8f2c684eebf642, type: 3}
      propertyPath: m_LocalScale.z
      value: 1
      objectReference: {fileID: 0}
    m_RemovedComponents: []
  m_SourcePrefab: {fileID: 100100000, guid: 060d25f13524c0e4fb8f2c684eebf642, type: 3}
--- !u!4 &8916963744532326607 stripped
Transform:
  m_CorrespondingSourceObject: {fileID: 4903353639713366, guid: 060d25f13524c0e4fb8f2c684eebf642,
    type: 3}
  m_PrefabInstance: {fileID: 8912061652808356505}
  m_PrefabAsset: {fileID: 0}
--- !u!1001 &8912061652824259211
PrefabInstance:
  m_ObjectHideFlags: 0
  serializedVersion: 2
  m_Modification:
    m_TransformParent: {fileID: 8912061652585418395}
    m_Modifications:
    - target: {fileID: 1994170127571244, guid: 4621c378a70e7eb4b898e5e09041ccad, type: 3}
      propertyPath: m_Name
      value: SM_Prop_KitchenCabinet_01 (2)
      objectReference: {fileID: 0}
    - target: {fileID: 4066223359585048, guid: 4621c378a70e7eb4b898e5e09041ccad, type: 3}
      propertyPath: m_LocalPosition.x
      value: -13.081
      objectReference: {fileID: 0}
    - target: {fileID: 4066223359585048, guid: 4621c378a70e7eb4b898e5e09041ccad, type: 3}
      propertyPath: m_LocalPosition.y
      value: 0.117
      objectReference: {fileID: 0}
    - target: {fileID: 4066223359585048, guid: 4621c378a70e7eb4b898e5e09041ccad, type: 3}
      propertyPath: m_LocalPosition.z
      value: 4.1600037
      objectReference: {fileID: 0}
    - target: {fileID: 4066223359585048, guid: 4621c378a70e7eb4b898e5e09041ccad, type: 3}
      propertyPath: m_LocalRotation.x
      value: -0
      objectReference: {fileID: 0}
    - target: {fileID: 4066223359585048, guid: 4621c378a70e7eb4b898e5e09041ccad, type: 3}
      propertyPath: m_LocalRotation.y
      value: 0.000000014901159
      objectReference: {fileID: 0}
    - target: {fileID: 4066223359585048, guid: 4621c378a70e7eb4b898e5e09041ccad, type: 3}
      propertyPath: m_LocalRotation.z
      value: -0
      objectReference: {fileID: 0}
    - target: {fileID: 4066223359585048, guid: 4621c378a70e7eb4b898e5e09041ccad, type: 3}
      propertyPath: m_LocalRotation.w
      value: 1
      objectReference: {fileID: 0}
    - target: {fileID: 4066223359585048, guid: 4621c378a70e7eb4b898e5e09041ccad, type: 3}
      propertyPath: m_RootOrder
      value: 24
      objectReference: {fileID: 0}
    - target: {fileID: 4066223359585048, guid: 4621c378a70e7eb4b898e5e09041ccad, type: 3}
      propertyPath: m_LocalEulerAnglesHint.y
      value: 0
      objectReference: {fileID: 0}
    - target: {fileID: 4975827789681854, guid: 4621c378a70e7eb4b898e5e09041ccad, type: 3}
      propertyPath: m_LocalRotation.y
      value: -0.23299082
      objectReference: {fileID: 0}
    - target: {fileID: 4975827789681854, guid: 4621c378a70e7eb4b898e5e09041ccad, type: 3}
      propertyPath: m_LocalRotation.z
      value: 0
      objectReference: {fileID: 0}
    m_RemovedComponents: []
  m_SourcePrefab: {fileID: 100100000, guid: 4621c378a70e7eb4b898e5e09041ccad, type: 3}
--- !u!4 &8908246436145303955 stripped
Transform:
  m_CorrespondingSourceObject: {fileID: 4066223359585048, guid: 4621c378a70e7eb4b898e5e09041ccad,
    type: 3}
  m_PrefabInstance: {fileID: 8912061652824259211}
  m_PrefabAsset: {fileID: 0}
--- !u!1001 &8912061652852100409
PrefabInstance:
  m_ObjectHideFlags: 0
  serializedVersion: 2
  m_Modification:
    m_TransformParent: {fileID: 8912061652585418395}
    m_Modifications:
    - target: {fileID: 1369292583958506, guid: 63c227ee495f93e44a5badb99c345d26, type: 3}
      propertyPath: m_Name
      value: SM_Prop_ShopCounter_02 (8)
      objectReference: {fileID: 0}
    - target: {fileID: 4390833227404924, guid: 63c227ee495f93e44a5badb99c345d26, type: 3}
      propertyPath: m_LocalPosition.x
      value: -12.278001
      objectReference: {fileID: 0}
    - target: {fileID: 4390833227404924, guid: 63c227ee495f93e44a5badb99c345d26, type: 3}
      propertyPath: m_LocalPosition.y
      value: 0.108
      objectReference: {fileID: 0}
    - target: {fileID: 4390833227404924, guid: 63c227ee495f93e44a5badb99c345d26, type: 3}
      propertyPath: m_LocalPosition.z
      value: 5.064003
      objectReference: {fileID: 0}
    - target: {fileID: 4390833227404924, guid: 63c227ee495f93e44a5badb99c345d26, type: 3}
      propertyPath: m_LocalRotation.x
      value: -0
      objectReference: {fileID: 0}
    - target: {fileID: 4390833227404924, guid: 63c227ee495f93e44a5badb99c345d26, type: 3}
      propertyPath: m_LocalRotation.y
      value: 0.70710576
      objectReference: {fileID: 0}
    - target: {fileID: 4390833227404924, guid: 63c227ee495f93e44a5badb99c345d26, type: 3}
      propertyPath: m_LocalRotation.z
      value: -0
      objectReference: {fileID: 0}
    - target: {fileID: 4390833227404924, guid: 63c227ee495f93e44a5badb99c345d26, type: 3}
      propertyPath: m_LocalRotation.w
      value: 0.7071079
      objectReference: {fileID: 0}
    - target: {fileID: 4390833227404924, guid: 63c227ee495f93e44a5badb99c345d26, type: 3}
      propertyPath: m_RootOrder
      value: 11
      objectReference: {fileID: 0}
    - target: {fileID: 4390833227404924, guid: 63c227ee495f93e44a5badb99c345d26, type: 3}
      propertyPath: m_LocalEulerAnglesHint.y
      value: 90.00001
      objectReference: {fileID: 0}
    - target: {fileID: 4390833227404924, guid: 63c227ee495f93e44a5badb99c345d26, type: 3}
      propertyPath: m_LocalScale.x
      value: 1
      objectReference: {fileID: 0}
    - target: {fileID: 4390833227404924, guid: 63c227ee495f93e44a5badb99c345d26, type: 3}
      propertyPath: m_LocalScale.z
      value: 1
      objectReference: {fileID: 0}
    m_RemovedComponents: []
  m_SourcePrefab: {fileID: 100100000, guid: 63c227ee495f93e44a5badb99c345d26, type: 3}
--- !u!4 &8908570495157852997 stripped
Transform:
  m_CorrespondingSourceObject: {fileID: 4390833227404924, guid: 63c227ee495f93e44a5badb99c345d26,
    type: 3}
  m_PrefabInstance: {fileID: 8912061652852100409}
  m_PrefabAsset: {fileID: 0}
--- !u!1001 &8912061652867555573
PrefabInstance:
  m_ObjectHideFlags: 0
  serializedVersion: 2
  m_Modification:
    m_TransformParent: {fileID: 8912061652585418395}
    m_Modifications:
    - target: {fileID: 1151416925077548, guid: 336eaf25565f3854daef15fc6bd94105, type: 3}
      propertyPath: m_Name
      value: SM_Prop_ShoppingCart_Broken_01 (3)
      objectReference: {fileID: 0}
    - target: {fileID: 4894786827853068, guid: 336eaf25565f3854daef15fc6bd94105, type: 3}
      propertyPath: m_LocalPosition.x
      value: 7.86
      objectReference: {fileID: 0}
    - target: {fileID: 4894786827853068, guid: 336eaf25565f3854daef15fc6bd94105, type: 3}
      propertyPath: m_LocalPosition.y
      value: 0.121
      objectReference: {fileID: 0}
    - target: {fileID: 4894786827853068, guid: 336eaf25565f3854daef15fc6bd94105, type: 3}
      propertyPath: m_LocalPosition.z
      value: 8.120003
      objectReference: {fileID: 0}
    - target: {fileID: 4894786827853068, guid: 336eaf25565f3854daef15fc6bd94105, type: 3}
      propertyPath: m_LocalRotation.x
      value: -0
      objectReference: {fileID: 0}
    - target: {fileID: 4894786827853068, guid: 336eaf25565f3854daef15fc6bd94105, type: 3}
      propertyPath: m_LocalRotation.y
      value: 0.38264427
      objectReference: {fileID: 0}
    - target: {fileID: 4894786827853068, guid: 336eaf25565f3854daef15fc6bd94105, type: 3}
      propertyPath: m_LocalRotation.z
      value: -0
      objectReference: {fileID: 0}
    - target: {fileID: 4894786827853068, guid: 336eaf25565f3854daef15fc6bd94105, type: 3}
      propertyPath: m_LocalRotation.w
      value: -0.9238958
      objectReference: {fileID: 0}
    - target: {fileID: 4894786827853068, guid: 336eaf25565f3854daef15fc6bd94105, type: 3}
      propertyPath: m_RootOrder
      value: 27
      objectReference: {fileID: 0}
    - target: {fileID: 4894786827853068, guid: 336eaf25565f3854daef15fc6bd94105, type: 3}
      propertyPath: m_LocalEulerAnglesHint.y
      value: 315.005
      objectReference: {fileID: 0}
    m_RemovedComponents: []
  m_SourcePrefab: {fileID: 100100000, guid: 336eaf25565f3854daef15fc6bd94105, type: 3}
--- !u!4 &8916954719225462265 stripped
Transform:
  m_CorrespondingSourceObject: {fileID: 4894786827853068, guid: 336eaf25565f3854daef15fc6bd94105,
    type: 3}
  m_PrefabInstance: {fileID: 8912061652867555573}
  m_PrefabAsset: {fileID: 0}
--- !u!1001 &8912061653027201356
PrefabInstance:
  m_ObjectHideFlags: 0
  serializedVersion: 2
  m_Modification:
    m_TransformParent: {fileID: 8912061652585418395}
    m_Modifications:
    - target: {fileID: 1882058776763666, guid: 9b2427eedaee08f4e912e8c38b0ed785, type: 3}
      propertyPath: m_Name
      value: SM_Prop_CardboardBox_Wall_01 (8)
      objectReference: {fileID: 0}
    - target: {fileID: 4683068916055158, guid: 9b2427eedaee08f4e912e8c38b0ed785, type: 3}
      propertyPath: m_LocalPosition.x
      value: 11.400899
      objectReference: {fileID: 0}
    - target: {fileID: 4683068916055158, guid: 9b2427eedaee08f4e912e8c38b0ed785, type: 3}
      propertyPath: m_LocalPosition.y
      value: 0.088
      objectReference: {fileID: 0}
    - target: {fileID: 4683068916055158, guid: 9b2427eedaee08f4e912e8c38b0ed785, type: 3}
      propertyPath: m_LocalPosition.z
      value: -10.787926
      objectReference: {fileID: 0}
    - target: {fileID: 4683068916055158, guid: 9b2427eedaee08f4e912e8c38b0ed785, type: 3}
      propertyPath: m_LocalRotation.x
      value: -0
      objectReference: {fileID: 0}
    - target: {fileID: 4683068916055158, guid: 9b2427eedaee08f4e912e8c38b0ed785, type: 3}
      propertyPath: m_LocalRotation.y
      value: 0.99961406
      objectReference: {fileID: 0}
    - target: {fileID: 4683068916055158, guid: 9b2427eedaee08f4e912e8c38b0ed785, type: 3}
      propertyPath: m_LocalRotation.z
      value: -0
      objectReference: {fileID: 0}
    - target: {fileID: 4683068916055158, guid: 9b2427eedaee08f4e912e8c38b0ed785, type: 3}
      propertyPath: m_LocalRotation.w
      value: -0.02778005
      objectReference: {fileID: 0}
    - target: {fileID: 4683068916055158, guid: 9b2427eedaee08f4e912e8c38b0ed785, type: 3}
      propertyPath: m_RootOrder
      value: 14
      objectReference: {fileID: 0}
    - target: {fileID: 4683068916055158, guid: 9b2427eedaee08f4e912e8c38b0ed785, type: 3}
      propertyPath: m_LocalEulerAnglesHint.y
      value: 183.18399
      objectReference: {fileID: 0}
    - target: {fileID: 4683068916055158, guid: 9b2427eedaee08f4e912e8c38b0ed785, type: 3}
      propertyPath: m_LocalScale.x
      value: 1
      objectReference: {fileID: 0}
    - target: {fileID: 4683068916055158, guid: 9b2427eedaee08f4e912e8c38b0ed785, type: 3}
      propertyPath: m_LocalScale.z
      value: 1
      objectReference: {fileID: 0}
    m_RemovedComponents: []
  m_SourcePrefab: {fileID: 100100000, guid: 9b2427eedaee08f4e912e8c38b0ed785, type: 3}
--- !u!4 &8916744507695963450 stripped
Transform:
  m_CorrespondingSourceObject: {fileID: 4683068916055158, guid: 9b2427eedaee08f4e912e8c38b0ed785,
    type: 3}
  m_PrefabInstance: {fileID: 8912061653027201356}
  m_PrefabAsset: {fileID: 0}
--- !u!1001 &8912061653072702082
PrefabInstance:
  m_ObjectHideFlags: 0
  serializedVersion: 2
  m_Modification:
    m_TransformParent: {fileID: 8912061652585418395}
    m_Modifications:
    - target: {fileID: 1151416925077548, guid: 336eaf25565f3854daef15fc6bd94105, type: 3}
      propertyPath: m_Name
      value: SM_Prop_ShoppingCart_Broken_01 (2)
      objectReference: {fileID: 0}
    - target: {fileID: 4894786827853068, guid: 336eaf25565f3854daef15fc6bd94105, type: 3}
      propertyPath: m_LocalPosition.x
      value: -4.851
      objectReference: {fileID: 0}
    - target: {fileID: 4894786827853068, guid: 336eaf25565f3854daef15fc6bd94105, type: 3}
      propertyPath: m_LocalPosition.y
      value: 0.121
      objectReference: {fileID: 0}
    - target: {fileID: 4894786827853068, guid: 336eaf25565f3854daef15fc6bd94105, type: 3}
      propertyPath: m_LocalPosition.z
      value: 4.279999
      objectReference: {fileID: 0}
    - target: {fileID: 4894786827853068, guid: 336eaf25565f3854daef15fc6bd94105, type: 3}
      propertyPath: m_LocalRotation.x
      value: -0
      objectReference: {fileID: 0}
    - target: {fileID: 4894786827853068, guid: 336eaf25565f3854daef15fc6bd94105, type: 3}
      propertyPath: m_LocalRotation.y
      value: 0.99655026
      objectReference: {fileID: 0}
    - target: {fileID: 4894786827853068, guid: 336eaf25565f3854daef15fc6bd94105, type: 3}
      propertyPath: m_LocalRotation.z
      value: -0
      objectReference: {fileID: 0}
    - target: {fileID: 4894786827853068, guid: 336eaf25565f3854daef15fc6bd94105, type: 3}
      propertyPath: m_LocalRotation.w
      value: -0.082991116
      objectReference: {fileID: 0}
    - target: {fileID: 4894786827853068, guid: 336eaf25565f3854daef15fc6bd94105, type: 3}
      propertyPath: m_RootOrder
      value: 26
      objectReference: {fileID: 0}
    - target: {fileID: 4894786827853068, guid: 336eaf25565f3854daef15fc6bd94105, type: 3}
      propertyPath: m_LocalEulerAnglesHint.y
      value: 189.521
      objectReference: {fileID: 0}
    - target: {fileID: 4894786827853068, guid: 336eaf25565f3854daef15fc6bd94105, type: 3}
      propertyPath: m_LocalScale.x
      value: 1
      objectReference: {fileID: 0}
    - target: {fileID: 4894786827853068, guid: 336eaf25565f3854daef15fc6bd94105, type: 3}
      propertyPath: m_LocalScale.z
      value: 1
      objectReference: {fileID: 0}
    m_RemovedComponents: []
  m_SourcePrefab: {fileID: 100100000, guid: 336eaf25565f3854daef15fc6bd94105, type: 3}
--- !u!4 &8916954719027951502 stripped
Transform:
  m_CorrespondingSourceObject: {fileID: 4894786827853068, guid: 336eaf25565f3854daef15fc6bd94105,
    type: 3}
  m_PrefabInstance: {fileID: 8912061653072702082}
  m_PrefabAsset: {fileID: 0}
--- !u!1001 &8912061653082457967
PrefabInstance:
  m_ObjectHideFlags: 0
  serializedVersion: 2
  m_Modification:
    m_TransformParent: {fileID: 8912061652585418395}
    m_Modifications:
    - target: {fileID: 4103567509416314, guid: b194f3568fd0e4c478f6703aeade4125, type: 3}
      propertyPath: m_LocalPosition.x
      value: -5.524
      objectReference: {fileID: 0}
    - target: {fileID: 4103567509416314, guid: b194f3568fd0e4c478f6703aeade4125, type: 3}
      propertyPath: m_LocalPosition.y
      value: 0.05
      objectReference: {fileID: 0}
    - target: {fileID: 4103567509416314, guid: b194f3568fd0e4c478f6703aeade4125, type: 3}
      propertyPath: m_LocalPosition.z
      value: 7.8600006
      objectReference: {fileID: 0}
    - target: {fileID: 4103567509416314, guid: b194f3568fd0e4c478f6703aeade4125, type: 3}
      propertyPath: m_LocalRotation.x
      value: -0.0082003325
      objectReference: {fileID: 0}
    - target: {fileID: 4103567509416314, guid: b194f3568fd0e4c478f6703aeade4125, type: 3}
      propertyPath: m_LocalRotation.y
      value: 0.00000013411045
      objectReference: {fileID: 0}
    - target: {fileID: 4103567509416314, guid: b194f3568fd0e4c478f6703aeade4125, type: 3}
      propertyPath: m_LocalRotation.z
      value: -0.0029882104
      objectReference: {fileID: 0}
    - target: {fileID: 4103567509416314, guid: b194f3568fd0e4c478f6703aeade4125, type: 3}
      propertyPath: m_LocalRotation.w
      value: 0.9999619
      objectReference: {fileID: 0}
    - target: {fileID: 4103567509416314, guid: b194f3568fd0e4c478f6703aeade4125, type: 3}
      propertyPath: m_RootOrder
      value: 5
      objectReference: {fileID: 0}
    - target: {fileID: 4103567509416314, guid: b194f3568fd0e4c478f6703aeade4125, type: 3}
      propertyPath: m_LocalEulerAnglesHint.x
      value: -0.94000006
      objectReference: {fileID: 0}
    - target: {fileID: 4103567509416314, guid: b194f3568fd0e4c478f6703aeade4125, type: 3}
      propertyPath: m_LocalEulerAnglesHint.y
      value: 0.003
      objectReference: {fileID: 0}
    - target: {fileID: 4103567509416314, guid: b194f3568fd0e4c478f6703aeade4125, type: 3}
      propertyPath: m_LocalEulerAnglesHint.z
      value: -0.342
      objectReference: {fileID: 0}
    - target: {fileID: 4103567509416314, guid: b194f3568fd0e4c478f6703aeade4125, type: 3}
      propertyPath: m_LocalScale.x
      value: 1
      objectReference: {fileID: 0}
    - target: {fileID: 4103567509416314, guid: b194f3568fd0e4c478f6703aeade4125, type: 3}
      propertyPath: m_LocalScale.y
      value: 1
      objectReference: {fileID: 0}
    m_RemovedComponents: []
  m_SourcePrefab: {fileID: 100100000, guid: b194f3568fd0e4c478f6703aeade4125, type: 3}
--- !u!4 &8908283850374360597 stripped
Transform:
  m_CorrespondingSourceObject: {fileID: 4103567509416314, guid: b194f3568fd0e4c478f6703aeade4125,
    type: 3}
  m_PrefabInstance: {fileID: 8912061653082457967}
  m_PrefabAsset: {fileID: 0}
--- !u!1001 &8912061653155356851
PrefabInstance:
  m_ObjectHideFlags: 0
  serializedVersion: 2
  m_Modification:
    m_TransformParent: {fileID: 8912061652585418395}
    m_Modifications:
    - target: {fileID: 1596417884367404, guid: 060d25f13524c0e4fb8f2c684eebf642, type: 3}
      propertyPath: m_Name
      value: SM_Prop_ShoppingCart_01 (2)
      objectReference: {fileID: 0}
    - target: {fileID: 4903353639713366, guid: 060d25f13524c0e4fb8f2c684eebf642, type: 3}
      propertyPath: m_LocalPosition.x
      value: -5.685
      objectReference: {fileID: 0}
    - target: {fileID: 4903353639713366, guid: 060d25f13524c0e4fb8f2c684eebf642, type: 3}
      propertyPath: m_LocalPosition.y
      value: 0.093
      objectReference: {fileID: 0}
    - target: {fileID: 4903353639713366, guid: 060d25f13524c0e4fb8f2c684eebf642, type: 3}
      propertyPath: m_LocalPosition.z
      value: 8.424683
      objectReference: {fileID: 0}
    - target: {fileID: 4903353639713366, guid: 060d25f13524c0e4fb8f2c684eebf642, type: 3}
      propertyPath: m_LocalRotation.x
      value: -0
      objectReference: {fileID: 0}
    - target: {fileID: 4903353639713366, guid: 060d25f13524c0e4fb8f2c684eebf642, type: 3}
      propertyPath: m_LocalRotation.y
      value: 0.70710576
      objectReference: {fileID: 0}
    - target: {fileID: 4903353639713366, guid: 060d25f13524c0e4fb8f2c684eebf642, type: 3}
      propertyPath: m_LocalRotation.z
      value: -0
      objectReference: {fileID: 0}
    - target: {fileID: 4903353639713366, guid: 060d25f13524c0e4fb8f2c684eebf642, type: 3}
      propertyPath: m_LocalRotation.w
      value: 0.7071079
      objectReference: {fileID: 0}
    - target: {fileID: 4903353639713366, guid: 060d25f13524c0e4fb8f2c684eebf642, type: 3}
      propertyPath: m_RootOrder
      value: 28
      objectReference: {fileID: 0}
    - target: {fileID: 4903353639713366, guid: 060d25f13524c0e4fb8f2c684eebf642, type: 3}
      propertyPath: m_LocalEulerAnglesHint.y
      value: 90.00001
      objectReference: {fileID: 0}
    - target: {fileID: 4903353639713366, guid: 060d25f13524c0e4fb8f2c684eebf642, type: 3}
      propertyPath: m_LocalScale.x
      value: 1
      objectReference: {fileID: 0}
    - target: {fileID: 4903353639713366, guid: 060d25f13524c0e4fb8f2c684eebf642, type: 3}
      propertyPath: m_LocalScale.z
      value: 1
      objectReference: {fileID: 0}
    m_RemovedComponents: []
  m_SourcePrefab: {fileID: 100100000, guid: 060d25f13524c0e4fb8f2c684eebf642, type: 3}
--- !u!4 &8916963744321608421 stripped
Transform:
  m_CorrespondingSourceObject: {fileID: 4903353639713366, guid: 060d25f13524c0e4fb8f2c684eebf642,
    type: 3}
  m_PrefabInstance: {fileID: 8912061653155356851}
  m_PrefabAsset: {fileID: 0}
--- !u!1001 &8912061653206241562
PrefabInstance:
  m_ObjectHideFlags: 0
  serializedVersion: 2
  m_Modification:
    m_TransformParent: {fileID: 8912061652585418395}
    m_Modifications:
    - target: {fileID: 1158499643144900, guid: 546272eb637cd10439d135b577eeb829, type: 3}
      propertyPath: m_Name
      value: SM_Prop_PowerBoxes_01 (6)
      objectReference: {fileID: 0}
    - target: {fileID: 4702320404689292, guid: 546272eb637cd10439d135b577eeb829, type: 3}
      propertyPath: m_LocalPosition.x
      value: 5.925
      objectReference: {fileID: 0}
    - target: {fileID: 4702320404689292, guid: 546272eb637cd10439d135b577eeb829, type: 3}
      propertyPath: m_LocalPosition.y
      value: 0
      objectReference: {fileID: 0}
    - target: {fileID: 4702320404689292, guid: 546272eb637cd10439d135b577eeb829, type: 3}
      propertyPath: m_LocalPosition.z
      value: -9.910004
      objectReference: {fileID: 0}
    - target: {fileID: 4702320404689292, guid: 546272eb637cd10439d135b577eeb829, type: 3}
      propertyPath: m_LocalRotation.x
      value: -0
      objectReference: {fileID: 0}
    - target: {fileID: 4702320404689292, guid: 546272eb637cd10439d135b577eeb829, type: 3}
      propertyPath: m_LocalRotation.y
      value: 0.7071057
      objectReference: {fileID: 0}
    - target: {fileID: 4702320404689292, guid: 546272eb637cd10439d135b577eeb829, type: 3}
      propertyPath: m_LocalRotation.z
      value: -0
      objectReference: {fileID: 0}
    - target: {fileID: 4702320404689292, guid: 546272eb637cd10439d135b577eeb829, type: 3}
      propertyPath: m_LocalRotation.w
      value: 0.70710784
      objectReference: {fileID: 0}
    - target: {fileID: 4702320404689292, guid: 546272eb637cd10439d135b577eeb829, type: 3}
      propertyPath: m_RootOrder
      value: 4
      objectReference: {fileID: 0}
    - target: {fileID: 4702320404689292, guid: 546272eb637cd10439d135b577eeb829, type: 3}
      propertyPath: m_LocalEulerAnglesHint.y
      value: 90.00001
      objectReference: {fileID: 0}
    - target: {fileID: 4702320404689292, guid: 546272eb637cd10439d135b577eeb829, type: 3}
      propertyPath: m_LocalScale.x
      value: 1.2357917
      objectReference: {fileID: 0}
    - target: {fileID: 4702320404689292, guid: 546272eb637cd10439d135b577eeb829, type: 3}
      propertyPath: m_LocalScale.y
      value: 1.2357922
      objectReference: {fileID: 0}
    - target: {fileID: 4702320404689292, guid: 546272eb637cd10439d135b577eeb829, type: 3}
      propertyPath: m_LocalScale.z
      value: 1.2357917
      objectReference: {fileID: 0}
    m_RemovedComponents: []
  m_SourcePrefab: {fileID: 100100000, guid: 546272eb637cd10439d135b577eeb829, type: 3}
--- !u!4 &8916762665488638102 stripped
Transform:
  m_CorrespondingSourceObject: {fileID: 4702320404689292, guid: 546272eb637cd10439d135b577eeb829,
    type: 3}
  m_PrefabInstance: {fileID: 8912061653206241562}
  m_PrefabAsset: {fileID: 0}
